%YAML 1.1
%TAG !u! tag:unity3d.com,2011:
--- !u!1 &7596208291340308266
GameObject:
  m_ObjectHideFlags: 0
  m_CorrespondingSourceObject: {fileID: 0}
  m_PrefabInstance: {fileID: 0}
  m_PrefabAsset: {fileID: 0}
  serializedVersion: 6
  m_Component:
  - component: {fileID: 7601724655296395436}
  - component: {fileID: 7572655651994062322}
  - component: {fileID: 7582721016131539618}
  - component: {fileID: 7604368582773257662}
  - component: {fileID: 2039057734569428696}
  m_Layer: 0
  m_Name: Floor_Corridor
  m_TagString: Untagged
  m_Icon: {fileID: 0}
  m_NavMeshLayer: 0
  m_StaticEditorFlags: 0
  m_IsActive: 1
--- !u!4 &7601724655296395436
Transform:
  m_ObjectHideFlags: 0
  m_CorrespondingSourceObject: {fileID: 0}
  m_PrefabInstance: {fileID: 0}
  m_PrefabAsset: {fileID: 0}
  m_GameObject: {fileID: 7596208291340308266}
  m_LocalRotation: {x: 0, y: 0, z: 0, w: 1}
  m_LocalPosition: {x: 12, y: -4, z: -3}
  m_LocalScale: {x: 1, y: 1, z: 1}
  m_Children: []
  m_Father: {fileID: 0}
  m_RootOrder: 0
  m_LocalEulerAnglesHint: {x: 0, y: 0, z: 0}
--- !u!33 &7572655651994062322
MeshFilter:
  m_ObjectHideFlags: 0
  m_CorrespondingSourceObject: {fileID: 0}
  m_PrefabInstance: {fileID: 0}
  m_PrefabAsset: {fileID: 0}
  m_GameObject: {fileID: 7596208291340308266}
  m_Mesh: {fileID: 0}
--- !u!23 &7582721016131539618
MeshRenderer:
  m_ObjectHideFlags: 0
  m_CorrespondingSourceObject: {fileID: 0}
  m_PrefabInstance: {fileID: 0}
  m_PrefabAsset: {fileID: 0}
  m_GameObject: {fileID: 7596208291340308266}
  m_Enabled: 1
  m_CastShadows: 1
  m_ReceiveShadows: 1
  m_DynamicOccludee: 1
  m_MotionVectors: 1
  m_LightProbeUsage: 1
  m_ReflectionProbeUsage: 1
  m_RenderingLayerMask: 4294967295
  m_RendererPriority: 0
  m_Materials:
  - {fileID: 2100000, guid: 8621dfcb3dbf229428e45425021e0875, type: 2}
  - {fileID: 2100000, guid: 15cb6b096bb78c7479c93c6e26153387, type: 2}
  m_StaticBatchInfo:
    firstSubMesh: 0
    subMeshCount: 0
  m_StaticBatchRoot: {fileID: 0}
  m_ProbeAnchor: {fileID: 0}
  m_LightProbeVolumeOverride: {fileID: 0}
  m_ScaleInLightmap: 1
  m_ReceiveGI: 1
  m_PreserveUVs: 0
  m_IgnoreNormalsForChartDetection: 0
  m_ImportantGI: 0
  m_StitchLightmapSeams: 0
  m_SelectedEditorRenderState: 2
  m_MinimumChartSize: 4
  m_AutoUVMaxDistance: 0.5
  m_AutoUVMaxAngle: 89
  m_LightmapParameters: {fileID: 0}
  m_SortingLayerID: 0
  m_SortingLayer: 0
  m_SortingOrder: 0
--- !u!65 &7604368582773257662
BoxCollider:
  m_ObjectHideFlags: 0
  m_CorrespondingSourceObject: {fileID: 0}
  m_PrefabInstance: {fileID: 0}
  m_PrefabAsset: {fileID: 0}
  m_GameObject: {fileID: 7596208291340308266}
  m_Material: {fileID: 0}
  m_IsTrigger: 0
  m_Enabled: 1
  serializedVersion: 2
  m_Size: {x: 3.0000243, y: 0.125, z: 3.0000005}
  m_Center: {x: 1.5000002, y: -0.0625, z: 1.4999998}
--- !u!114 &2039057734569428696
MonoBehaviour:
  m_ObjectHideFlags: 0
  m_CorrespondingSourceObject: {fileID: 0}
  m_PrefabInstance: {fileID: 0}
  m_PrefabAsset: {fileID: 0}
  m_GameObject: {fileID: 7596208291340308266}
  m_Enabled: 1
  m_EditorHideFlags: 0
  m_Script: {fileID: 11500000, guid: 8233d90336aea43098adf6dbabd606a2, type: 3}
  m_Name: 
  m_EditorClassIdentifier: 
  m_MeshFormatVersion: 1
  m_Faces:
  - m_Indexes: 000000000100000002000000
    m_SmoothingGroup: 0
    m_Uv:
      m_UseWorldSpace: 0
      m_FlipU: 0
      m_FlipV: 0
      m_SwapUV: 0
      m_Fill: 1
      m_Scale: {x: 1, y: 1}
      m_Offset: {x: 0, y: 0}
      m_Rotation: 0
      m_Anchor: 9
    m_Material: {fileID: 0}
    m_SubmeshIndex: 0
    m_ManualUV: 1
    elementGroup: -1
    m_TextureGroup: -1
  - m_Indexes: 030000000400000005000000
    m_SmoothingGroup: 0
    m_Uv:
      m_UseWorldSpace: 0
      m_FlipU: 0
      m_FlipV: 0
      m_SwapUV: 0
      m_Fill: 1
      m_Scale: {x: 1, y: 1}
      m_Offset: {x: 0, y: 0}
      m_Rotation: 0
      m_Anchor: 9
    m_Material: {fileID: 0}
    m_SubmeshIndex: 0
    m_ManualUV: 1
    elementGroup: -1
    m_TextureGroup: -1
  - m_Indexes: 060000000700000008000000
    m_SmoothingGroup: 0
    m_Uv:
      m_UseWorldSpace: 0
      m_FlipU: 0
      m_FlipV: 0
      m_SwapUV: 0
      m_Fill: 1
      m_Scale: {x: 1, y: 1}
      m_Offset: {x: 0, y: 0}
      m_Rotation: 0
      m_Anchor: 9
    m_Material: {fileID: 0}
    m_SubmeshIndex: 0
    m_ManualUV: 1
    elementGroup: -1
    m_TextureGroup: -1
  - m_Indexes: 090000000a0000000b000000
    m_SmoothingGroup: 0
    m_Uv:
      m_UseWorldSpace: 0
      m_FlipU: 0
      m_FlipV: 0
      m_SwapUV: 0
      m_Fill: 1
      m_Scale: {x: 1, y: 1}
      m_Offset: {x: 0, y: 0}
      m_Rotation: 0
      m_Anchor: 9
    m_Material: {fileID: 0}
    m_SubmeshIndex: 0
    m_ManualUV: 1
    elementGroup: -1
    m_TextureGroup: -1
  - m_Indexes: 0c0000000d0000000e000000
    m_SmoothingGroup: 0
    m_Uv:
      m_UseWorldSpace: 0
      m_FlipU: 0
      m_FlipV: 0
      m_SwapUV: 0
      m_Fill: 1
      m_Scale: {x: 1, y: 1}
      m_Offset: {x: 0, y: 0}
      m_Rotation: 0
      m_Anchor: 9
    m_Material: {fileID: 0}
    m_SubmeshIndex: 0
    m_ManualUV: 1
    elementGroup: -1
    m_TextureGroup: -1
  - m_Indexes: 0f0000001000000011000000
    m_SmoothingGroup: 0
    m_Uv:
      m_UseWorldSpace: 0
      m_FlipU: 0
      m_FlipV: 0
      m_SwapUV: 0
      m_Fill: 1
      m_Scale: {x: 1, y: 1}
      m_Offset: {x: 0, y: 0}
      m_Rotation: 0
      m_Anchor: 9
    m_Material: {fileID: 0}
    m_SubmeshIndex: 0
    m_ManualUV: 1
    elementGroup: -1
    m_TextureGroup: -1
  - m_Indexes: 120000001300000014000000
    m_SmoothingGroup: 0
    m_Uv:
      m_UseWorldSpace: 0
      m_FlipU: 0
      m_FlipV: 0
      m_SwapUV: 0
      m_Fill: 1
      m_Scale: {x: 1, y: 1}
      m_Offset: {x: 0, y: 0}
      m_Rotation: 0
      m_Anchor: 9
    m_Material: {fileID: 0}
    m_SubmeshIndex: 0
    m_ManualUV: 1
    elementGroup: -1
    m_TextureGroup: -1
  - m_Indexes: 150000001600000017000000
    m_SmoothingGroup: 0
    m_Uv:
      m_UseWorldSpace: 0
      m_FlipU: 0
      m_FlipV: 0
      m_SwapUV: 0
      m_Fill: 1
      m_Scale: {x: 1, y: 1}
      m_Offset: {x: 0, y: 0}
      m_Rotation: 0
      m_Anchor: 9
    m_Material: {fileID: 0}
    m_SubmeshIndex: 0
    m_ManualUV: 1
    elementGroup: -1
    m_TextureGroup: -1
  - m_Indexes: 18000000190000001a000000
    m_SmoothingGroup: 0
    m_Uv:
      m_UseWorldSpace: 0
      m_FlipU: 0
      m_FlipV: 0
      m_SwapUV: 0
      m_Fill: 1
      m_Scale: {x: 1, y: 1}
      m_Offset: {x: 0, y: 0}
      m_Rotation: 0
      m_Anchor: 9
    m_Material: {fileID: 0}
    m_SubmeshIndex: 0
    m_ManualUV: 1
    elementGroup: -1
    m_TextureGroup: -1
  - m_Indexes: 1b0000001c0000001d000000
    m_SmoothingGroup: 0
    m_Uv:
      m_UseWorldSpace: 0
      m_FlipU: 0
      m_FlipV: 0
      m_SwapUV: 0
      m_Fill: 1
      m_Scale: {x: 1, y: 1}
      m_Offset: {x: 0, y: 0}
      m_Rotation: 0
      m_Anchor: 9
    m_Material: {fileID: 0}
    m_SubmeshIndex: 0
    m_ManualUV: 1
    elementGroup: -1
    m_TextureGroup: -1
  - m_Indexes: 1e0000001f00000020000000
    m_SmoothingGroup: 0
    m_Uv:
      m_UseWorldSpace: 0
      m_FlipU: 0
      m_FlipV: 0
      m_SwapUV: 0
      m_Fill: 1
      m_Scale: {x: 1, y: 1}
      m_Offset: {x: 0, y: 0}
      m_Rotation: 0
      m_Anchor: 9
    m_Material: {fileID: 0}
    m_SubmeshIndex: 0
    m_ManualUV: 1
    elementGroup: -1
    m_TextureGroup: -1
  - m_Indexes: 210000002200000023000000
    m_SmoothingGroup: 0
    m_Uv:
      m_UseWorldSpace: 0
      m_FlipU: 0
      m_FlipV: 0
      m_SwapUV: 0
      m_Fill: 1
      m_Scale: {x: 1, y: 1}
      m_Offset: {x: 0, y: 0}
      m_Rotation: 0
      m_Anchor: 9
    m_Material: {fileID: 0}
    m_SubmeshIndex: 0
    m_ManualUV: 1
    elementGroup: -1
    m_TextureGroup: -1
  - m_Indexes: 240000002500000026000000
    m_SmoothingGroup: 0
    m_Uv:
      m_UseWorldSpace: 0
      m_FlipU: 0
      m_FlipV: 0
      m_SwapUV: 0
      m_Fill: 1
      m_Scale: {x: 1, y: 1}
      m_Offset: {x: 0, y: 0}
      m_Rotation: 0
      m_Anchor: 9
    m_Material: {fileID: 0}
    m_SubmeshIndex: 0
    m_ManualUV: 1
    elementGroup: -1
    m_TextureGroup: -1
  - m_Indexes: 270000002800000029000000
    m_SmoothingGroup: 0
    m_Uv:
      m_UseWorldSpace: 0
      m_FlipU: 0
      m_FlipV: 0
      m_SwapUV: 0
      m_Fill: 1
      m_Scale: {x: 1, y: 1}
      m_Offset: {x: 0, y: 0}
      m_Rotation: 0
      m_Anchor: 9
    m_Material: {fileID: 0}
    m_SubmeshIndex: 0
    m_ManualUV: 1
    elementGroup: -1
    m_TextureGroup: -1
  - m_Indexes: 2a0000002b0000002c000000
    m_SmoothingGroup: 0
    m_Uv:
      m_UseWorldSpace: 0
      m_FlipU: 0
      m_FlipV: 0
      m_SwapUV: 0
      m_Fill: 1
      m_Scale: {x: 1, y: 1}
      m_Offset: {x: 0, y: 0}
      m_Rotation: 0
      m_Anchor: 9
    m_Material: {fileID: 0}
    m_SubmeshIndex: 0
    m_ManualUV: 1
    elementGroup: -1
    m_TextureGroup: -1
  - m_Indexes: 2d0000002e0000002f000000
    m_SmoothingGroup: 0
    m_Uv:
      m_UseWorldSpace: 0
      m_FlipU: 0
      m_FlipV: 0
      m_SwapUV: 0
      m_Fill: 1
      m_Scale: {x: 1, y: 1}
      m_Offset: {x: 0, y: 0}
      m_Rotation: 0
      m_Anchor: 9
    m_Material: {fileID: 0}
    m_SubmeshIndex: 0
    m_ManualUV: 1
    elementGroup: -1
    m_TextureGroup: -1
  - m_Indexes: 300000003100000032000000
    m_SmoothingGroup: 0
    m_Uv:
      m_UseWorldSpace: 0
      m_FlipU: 0
      m_FlipV: 0
      m_SwapUV: 0
      m_Fill: 1
      m_Scale: {x: 1, y: 1}
      m_Offset: {x: 0, y: 0}
      m_Rotation: 0
      m_Anchor: 9
    m_Material: {fileID: 0}
    m_SubmeshIndex: 0
    m_ManualUV: 1
    elementGroup: -1
    m_TextureGroup: -1
  - m_Indexes: 330000003400000035000000
    m_SmoothingGroup: 0
    m_Uv:
      m_UseWorldSpace: 0
      m_FlipU: 0
      m_FlipV: 0
      m_SwapUV: 0
      m_Fill: 1
      m_Scale: {x: 1, y: 1}
      m_Offset: {x: 0, y: 0}
      m_Rotation: 0
      m_Anchor: 9
    m_Material: {fileID: 0}
    m_SubmeshIndex: 0
    m_ManualUV: 1
    elementGroup: -1
    m_TextureGroup: -1
  - m_Indexes: 360000003700000038000000
    m_SmoothingGroup: 0
    m_Uv:
      m_UseWorldSpace: 0
      m_FlipU: 0
      m_FlipV: 0
      m_SwapUV: 0
      m_Fill: 1
      m_Scale: {x: 1, y: 1}
      m_Offset: {x: 0, y: 0}
      m_Rotation: 0
      m_Anchor: 9
    m_Material: {fileID: 0}
    m_SubmeshIndex: 0
    m_ManualUV: 1
    elementGroup: -1
    m_TextureGroup: -1
  - m_Indexes: 390000003a0000003b000000
    m_SmoothingGroup: 0
    m_Uv:
      m_UseWorldSpace: 0
      m_FlipU: 0
      m_FlipV: 0
      m_SwapUV: 0
      m_Fill: 1
      m_Scale: {x: 1, y: 1}
      m_Offset: {x: 0, y: 0}
      m_Rotation: 0
      m_Anchor: 9
    m_Material: {fileID: 0}
    m_SubmeshIndex: 0
    m_ManualUV: 1
    elementGroup: -1
    m_TextureGroup: -1
  - m_Indexes: 3c0000003d0000003e000000
    m_SmoothingGroup: 0
    m_Uv:
      m_UseWorldSpace: 0
      m_FlipU: 0
      m_FlipV: 0
      m_SwapUV: 0
      m_Fill: 1
      m_Scale: {x: 1, y: 1}
      m_Offset: {x: 0, y: 0}
      m_Rotation: 0
      m_Anchor: 9
    m_Material: {fileID: 0}
    m_SubmeshIndex: 0
    m_ManualUV: 1
    elementGroup: -1
    m_TextureGroup: -1
  - m_Indexes: 3f0000004000000041000000
    m_SmoothingGroup: 0
    m_Uv:
      m_UseWorldSpace: 0
      m_FlipU: 0
      m_FlipV: 0
      m_SwapUV: 0
      m_Fill: 1
      m_Scale: {x: 1, y: 1}
      m_Offset: {x: 0, y: 0}
      m_Rotation: 0
      m_Anchor: 9
    m_Material: {fileID: 0}
    m_SubmeshIndex: 0
    m_ManualUV: 1
    elementGroup: -1
    m_TextureGroup: -1
  - m_Indexes: 420000004300000044000000
    m_SmoothingGroup: 0
    m_Uv:
      m_UseWorldSpace: 0
      m_FlipU: 0
      m_FlipV: 0
      m_SwapUV: 0
      m_Fill: 1
      m_Scale: {x: 1, y: 1}
      m_Offset: {x: 0, y: 0}
      m_Rotation: 0
      m_Anchor: 9
    m_Material: {fileID: 0}
    m_SubmeshIndex: 0
    m_ManualUV: 1
    elementGroup: -1
    m_TextureGroup: -1
  - m_Indexes: 450000004600000047000000
    m_SmoothingGroup: 0
    m_Uv:
      m_UseWorldSpace: 0
      m_FlipU: 0
      m_FlipV: 0
      m_SwapUV: 0
      m_Fill: 1
      m_Scale: {x: 1, y: 1}
      m_Offset: {x: 0, y: 0}
      m_Rotation: 0
      m_Anchor: 9
    m_Material: {fileID: 0}
    m_SubmeshIndex: 0
    m_ManualUV: 1
    elementGroup: -1
    m_TextureGroup: -1
  - m_Indexes: 48000000490000004a000000
    m_SmoothingGroup: 0
    m_Uv:
      m_UseWorldSpace: 0
      m_FlipU: 0
      m_FlipV: 0
      m_SwapUV: 0
      m_Fill: 1
      m_Scale: {x: 1, y: 1}
      m_Offset: {x: 0, y: 0}
      m_Rotation: 0
      m_Anchor: 9
    m_Material: {fileID: 0}
    m_SubmeshIndex: 0
    m_ManualUV: 1
    elementGroup: -1
    m_TextureGroup: -1
  - m_Indexes: 4b0000004c0000004d000000
    m_SmoothingGroup: 0
    m_Uv:
      m_UseWorldSpace: 0
      m_FlipU: 0
      m_FlipV: 0
      m_SwapUV: 0
      m_Fill: 1
      m_Scale: {x: 1, y: 1}
      m_Offset: {x: 0, y: 0}
      m_Rotation: 0
      m_Anchor: 9
    m_Material: {fileID: 0}
    m_SubmeshIndex: 0
    m_ManualUV: 1
    elementGroup: -1
    m_TextureGroup: -1
  - m_Indexes: 4e0000004f00000050000000
    m_SmoothingGroup: 0
    m_Uv:
      m_UseWorldSpace: 0
      m_FlipU: 0
      m_FlipV: 0
      m_SwapUV: 0
      m_Fill: 1
      m_Scale: {x: 1, y: 1}
      m_Offset: {x: 0, y: 0}
      m_Rotation: 0
      m_Anchor: 9
    m_Material: {fileID: 0}
    m_SubmeshIndex: 0
    m_ManualUV: 1
    elementGroup: -1
    m_TextureGroup: -1
  - m_Indexes: 510000005200000053000000
    m_SmoothingGroup: 0
    m_Uv:
      m_UseWorldSpace: 0
      m_FlipU: 0
      m_FlipV: 0
      m_SwapUV: 0
      m_Fill: 1
      m_Scale: {x: 1, y: 1}
      m_Offset: {x: 0, y: 0}
      m_Rotation: 0
      m_Anchor: 9
    m_Material: {fileID: 0}
    m_SubmeshIndex: 0
    m_ManualUV: 1
    elementGroup: -1
    m_TextureGroup: -1
  - m_Indexes: 540000005500000056000000
    m_SmoothingGroup: 0
    m_Uv:
      m_UseWorldSpace: 0
      m_FlipU: 0
      m_FlipV: 0
      m_SwapUV: 0
      m_Fill: 1
      m_Scale: {x: 1, y: 1}
      m_Offset: {x: 0, y: 0}
      m_Rotation: 0
      m_Anchor: 9
    m_Material: {fileID: 0}
    m_SubmeshIndex: 0
    m_ManualUV: 1
    elementGroup: -1
    m_TextureGroup: -1
  - m_Indexes: 570000005800000059000000
    m_SmoothingGroup: 0
    m_Uv:
      m_UseWorldSpace: 0
      m_FlipU: 0
      m_FlipV: 0
      m_SwapUV: 0
      m_Fill: 1
      m_Scale: {x: 1, y: 1}
      m_Offset: {x: 0, y: 0}
      m_Rotation: 0
      m_Anchor: 9
    m_Material: {fileID: 0}
    m_SubmeshIndex: 0
    m_ManualUV: 1
    elementGroup: -1
    m_TextureGroup: -1
  - m_Indexes: 5a0000005b0000005c000000
    m_SmoothingGroup: 0
    m_Uv:
      m_UseWorldSpace: 0
      m_FlipU: 0
      m_FlipV: 0
      m_SwapUV: 0
      m_Fill: 1
      m_Scale: {x: 1, y: 1}
      m_Offset: {x: 0, y: 0}
      m_Rotation: 0
      m_Anchor: 9
    m_Material: {fileID: 0}
    m_SubmeshIndex: 0
    m_ManualUV: 1
    elementGroup: -1
    m_TextureGroup: -1
  - m_Indexes: 5d0000005e0000005f000000
    m_SmoothingGroup: 0
    m_Uv:
      m_UseWorldSpace: 0
      m_FlipU: 0
      m_FlipV: 0
      m_SwapUV: 0
      m_Fill: 1
      m_Scale: {x: 1, y: 1}
      m_Offset: {x: 0, y: 0}
      m_Rotation: 0
      m_Anchor: 9
    m_Material: {fileID: 0}
    m_SubmeshIndex: 0
    m_ManualUV: 1
    elementGroup: -1
    m_TextureGroup: -1
  - m_Indexes: 600000006100000062000000
    m_SmoothingGroup: 0
    m_Uv:
      m_UseWorldSpace: 0
      m_FlipU: 0
      m_FlipV: 0
      m_SwapUV: 0
      m_Fill: 1
      m_Scale: {x: 1, y: 1}
      m_Offset: {x: 0, y: 0}
      m_Rotation: 0
      m_Anchor: 9
    m_Material: {fileID: 0}
    m_SubmeshIndex: 0
    m_ManualUV: 1
    elementGroup: -1
    m_TextureGroup: -1
  - m_Indexes: 630000006400000065000000
    m_SmoothingGroup: 0
    m_Uv:
      m_UseWorldSpace: 0
      m_FlipU: 0
      m_FlipV: 0
      m_SwapUV: 0
      m_Fill: 1
      m_Scale: {x: 1, y: 1}
      m_Offset: {x: 0, y: 0}
      m_Rotation: 0
      m_Anchor: 9
    m_Material: {fileID: 0}
    m_SubmeshIndex: 0
    m_ManualUV: 1
    elementGroup: -1
    m_TextureGroup: -1
  - m_Indexes: 660000006700000068000000
    m_SmoothingGroup: 0
    m_Uv:
      m_UseWorldSpace: 0
      m_FlipU: 0
      m_FlipV: 0
      m_SwapUV: 0
      m_Fill: 1
      m_Scale: {x: 1, y: 1}
      m_Offset: {x: 0, y: 0}
      m_Rotation: 0
      m_Anchor: 9
    m_Material: {fileID: 0}
    m_SubmeshIndex: 0
    m_ManualUV: 1
    elementGroup: -1
    m_TextureGroup: -1
  - m_Indexes: 690000006a0000006b000000
    m_SmoothingGroup: 0
    m_Uv:
      m_UseWorldSpace: 0
      m_FlipU: 0
      m_FlipV: 0
      m_SwapUV: 0
      m_Fill: 1
      m_Scale: {x: 1, y: 1}
      m_Offset: {x: 0, y: 0}
      m_Rotation: 0
      m_Anchor: 9
    m_Material: {fileID: 0}
    m_SubmeshIndex: 0
    m_ManualUV: 1
    elementGroup: -1
    m_TextureGroup: -1
  - m_Indexes: 6c0000006d0000006e000000
    m_SmoothingGroup: 0
    m_Uv:
      m_UseWorldSpace: 0
      m_FlipU: 0
      m_FlipV: 0
      m_SwapUV: 0
      m_Fill: 1
      m_Scale: {x: 1, y: 1}
      m_Offset: {x: 0, y: 0}
      m_Rotation: 0
      m_Anchor: 9
    m_Material: {fileID: 0}
    m_SubmeshIndex: 0
    m_ManualUV: 1
    elementGroup: -1
    m_TextureGroup: -1
  - m_Indexes: 6f0000007000000071000000
    m_SmoothingGroup: 0
    m_Uv:
      m_UseWorldSpace: 0
      m_FlipU: 0
      m_FlipV: 0
      m_SwapUV: 0
      m_Fill: 1
      m_Scale: {x: 1, y: 1}
      m_Offset: {x: 0, y: 0}
      m_Rotation: 0
      m_Anchor: 9
    m_Material: {fileID: 0}
    m_SubmeshIndex: 0
    m_ManualUV: 1
    elementGroup: -1
    m_TextureGroup: -1
  - m_Indexes: 720000007300000074000000
    m_SmoothingGroup: 0
    m_Uv:
      m_UseWorldSpace: 0
      m_FlipU: 0
      m_FlipV: 0
      m_SwapUV: 0
      m_Fill: 1
      m_Scale: {x: 1, y: 1}
      m_Offset: {x: 0, y: 0}
      m_Rotation: 0
      m_Anchor: 9
    m_Material: {fileID: 0}
    m_SubmeshIndex: 0
    m_ManualUV: 1
    elementGroup: -1
    m_TextureGroup: -1
  - m_Indexes: 750000007600000077000000
    m_SmoothingGroup: 0
    m_Uv:
      m_UseWorldSpace: 0
      m_FlipU: 0
      m_FlipV: 0
      m_SwapUV: 0
      m_Fill: 1
      m_Scale: {x: 1, y: 1}
      m_Offset: {x: 0, y: 0}
      m_Rotation: 0
      m_Anchor: 9
    m_Material: {fileID: 0}
    m_SubmeshIndex: 0
    m_ManualUV: 1
    elementGroup: -1
    m_TextureGroup: -1
  - m_Indexes: 78000000790000007a000000
    m_SmoothingGroup: 0
    m_Uv:
      m_UseWorldSpace: 0
      m_FlipU: 0
      m_FlipV: 0
      m_SwapUV: 0
      m_Fill: 1
      m_Scale: {x: 1, y: 1}
      m_Offset: {x: 0, y: 0}
      m_Rotation: 0
      m_Anchor: 9
    m_Material: {fileID: 0}
    m_SubmeshIndex: 0
    m_ManualUV: 1
    elementGroup: -1
    m_TextureGroup: -1
  - m_Indexes: 7b0000007c0000007d000000
    m_SmoothingGroup: 0
    m_Uv:
      m_UseWorldSpace: 0
      m_FlipU: 0
      m_FlipV: 0
      m_SwapUV: 0
      m_Fill: 1
      m_Scale: {x: 1, y: 1}
      m_Offset: {x: 0, y: 0}
      m_Rotation: 0
      m_Anchor: 9
    m_Material: {fileID: 0}
    m_SubmeshIndex: 0
    m_ManualUV: 1
    elementGroup: -1
    m_TextureGroup: -1
  - m_Indexes: 7e0000007f00000080000000
    m_SmoothingGroup: 0
    m_Uv:
      m_UseWorldSpace: 0
      m_FlipU: 0
      m_FlipV: 0
      m_SwapUV: 0
      m_Fill: 1
      m_Scale: {x: 1, y: 1}
      m_Offset: {x: 0, y: 0}
      m_Rotation: 0
      m_Anchor: 9
    m_Material: {fileID: 0}
    m_SubmeshIndex: 1
    m_ManualUV: 1
    elementGroup: -1
    m_TextureGroup: -1
  - m_Indexes: 810000008200000083000000
    m_SmoothingGroup: 0
    m_Uv:
      m_UseWorldSpace: 0
      m_FlipU: 0
      m_FlipV: 0
      m_SwapUV: 0
      m_Fill: 1
      m_Scale: {x: 1, y: 1}
      m_Offset: {x: 0, y: 0}
      m_Rotation: 0
      m_Anchor: 9
    m_Material: {fileID: 0}
    m_SubmeshIndex: 1
    m_ManualUV: 1
    elementGroup: -1
    m_TextureGroup: -1
  - m_Indexes: 840000008500000086000000
    m_SmoothingGroup: 0
    m_Uv:
      m_UseWorldSpace: 0
      m_FlipU: 0
      m_FlipV: 0
      m_SwapUV: 0
      m_Fill: 1
      m_Scale: {x: 1, y: 1}
      m_Offset: {x: 0, y: 0}
      m_Rotation: 0
      m_Anchor: 9
    m_Material: {fileID: 0}
    m_SubmeshIndex: 1
    m_ManualUV: 1
    elementGroup: -1
    m_TextureGroup: -1
  - m_Indexes: 870000008800000089000000
    m_SmoothingGroup: 0
    m_Uv:
      m_UseWorldSpace: 0
      m_FlipU: 0
      m_FlipV: 0
      m_SwapUV: 0
      m_Fill: 1
      m_Scale: {x: 1, y: 1}
      m_Offset: {x: 0, y: 0}
      m_Rotation: 0
      m_Anchor: 9
    m_Material: {fileID: 0}
    m_SubmeshIndex: 1
    m_ManualUV: 1
    elementGroup: -1
    m_TextureGroup: -1
  - m_Indexes: 8a0000008b0000008c000000
    m_SmoothingGroup: 0
    m_Uv:
      m_UseWorldSpace: 0
      m_FlipU: 0
      m_FlipV: 0
      m_SwapUV: 0
      m_Fill: 1
      m_Scale: {x: 1, y: 1}
      m_Offset: {x: 0, y: 0}
      m_Rotation: 0
      m_Anchor: 9
    m_Material: {fileID: 0}
    m_SubmeshIndex: 1
    m_ManualUV: 1
    elementGroup: -1
    m_TextureGroup: -1
  - m_Indexes: 8d0000008e0000008f000000
    m_SmoothingGroup: 0
    m_Uv:
      m_UseWorldSpace: 0
      m_FlipU: 0
      m_FlipV: 0
      m_SwapUV: 0
      m_Fill: 1
      m_Scale: {x: 1, y: 1}
      m_Offset: {x: 0, y: 0}
      m_Rotation: 0
      m_Anchor: 9
    m_Material: {fileID: 0}
    m_SubmeshIndex: 1
    m_ManualUV: 1
    elementGroup: -1
    m_TextureGroup: -1
  - m_Indexes: 900000009100000092000000
    m_SmoothingGroup: 0
    m_Uv:
      m_UseWorldSpace: 0
      m_FlipU: 0
      m_FlipV: 0
      m_SwapUV: 0
      m_Fill: 1
      m_Scale: {x: 1, y: 1}
      m_Offset: {x: 0, y: 0}
      m_Rotation: 0
      m_Anchor: 9
    m_Material: {fileID: 0}
    m_SubmeshIndex: 1
    m_ManualUV: 1
    elementGroup: -1
    m_TextureGroup: -1
  - m_Indexes: 930000009400000095000000
    m_SmoothingGroup: 0
    m_Uv:
      m_UseWorldSpace: 0
      m_FlipU: 0
      m_FlipV: 0
      m_SwapUV: 0
      m_Fill: 1
      m_Scale: {x: 1, y: 1}
      m_Offset: {x: 0, y: 0}
      m_Rotation: 0
      m_Anchor: 9
    m_Material: {fileID: 0}
    m_SubmeshIndex: 1
    m_ManualUV: 1
    elementGroup: -1
    m_TextureGroup: -1
  - m_Indexes: 960000009700000098000000
    m_SmoothingGroup: 0
    m_Uv:
      m_UseWorldSpace: 0
      m_FlipU: 0
      m_FlipV: 0
      m_SwapUV: 0
      m_Fill: 1
      m_Scale: {x: 1, y: 1}
      m_Offset: {x: 0, y: 0}
      m_Rotation: 0
      m_Anchor: 9
    m_Material: {fileID: 0}
    m_SubmeshIndex: 1
    m_ManualUV: 1
    elementGroup: -1
    m_TextureGroup: -1
  - m_Indexes: 990000009a0000009b000000
    m_SmoothingGroup: 0
    m_Uv:
      m_UseWorldSpace: 0
      m_FlipU: 0
      m_FlipV: 0
      m_SwapUV: 0
      m_Fill: 1
      m_Scale: {x: 1, y: 1}
      m_Offset: {x: 0, y: 0}
      m_Rotation: 0
      m_Anchor: 9
    m_Material: {fileID: 0}
    m_SubmeshIndex: 1
    m_ManualUV: 1
    elementGroup: -1
    m_TextureGroup: -1
  - m_Indexes: 9c0000009d0000009e000000
    m_SmoothingGroup: 0
    m_Uv:
      m_UseWorldSpace: 0
      m_FlipU: 0
      m_FlipV: 0
      m_SwapUV: 0
      m_Fill: 1
      m_Scale: {x: 1, y: 1}
      m_Offset: {x: 0, y: 0}
      m_Rotation: 0
      m_Anchor: 9
    m_Material: {fileID: 0}
    m_SubmeshIndex: 1
    m_ManualUV: 1
    elementGroup: -1
    m_TextureGroup: -1
  - m_Indexes: 9f000000a0000000a1000000
    m_SmoothingGroup: 0
    m_Uv:
      m_UseWorldSpace: 0
      m_FlipU: 0
      m_FlipV: 0
      m_SwapUV: 0
      m_Fill: 1
      m_Scale: {x: 1, y: 1}
      m_Offset: {x: 0, y: 0}
      m_Rotation: 0
      m_Anchor: 9
    m_Material: {fileID: 0}
    m_SubmeshIndex: 1
    m_ManualUV: 1
    elementGroup: -1
    m_TextureGroup: -1
  - m_Indexes: a2000000a3000000a4000000
    m_SmoothingGroup: 0
    m_Uv:
      m_UseWorldSpace: 0
      m_FlipU: 0
      m_FlipV: 0
      m_SwapUV: 0
      m_Fill: 1
      m_Scale: {x: 1, y: 1}
      m_Offset: {x: 0, y: 0}
      m_Rotation: 0
      m_Anchor: 9
    m_Material: {fileID: 0}
    m_SubmeshIndex: 1
    m_ManualUV: 1
    elementGroup: -1
    m_TextureGroup: -1
  - m_Indexes: a5000000a6000000a7000000
    m_SmoothingGroup: 0
    m_Uv:
      m_UseWorldSpace: 0
      m_FlipU: 0
      m_FlipV: 0
      m_SwapUV: 0
      m_Fill: 1
      m_Scale: {x: 1, y: 1}
      m_Offset: {x: 0, y: 0}
      m_Rotation: 0
      m_Anchor: 9
    m_Material: {fileID: 0}
    m_SubmeshIndex: 1
    m_ManualUV: 1
    elementGroup: -1
    m_TextureGroup: -1
  - m_Indexes: a8000000a9000000aa000000
    m_SmoothingGroup: 0
    m_Uv:
      m_UseWorldSpace: 0
      m_FlipU: 0
      m_FlipV: 0
      m_SwapUV: 0
      m_Fill: 1
      m_Scale: {x: 1, y: 1}
      m_Offset: {x: 0, y: 0}
      m_Rotation: 0
      m_Anchor: 9
    m_Material: {fileID: 0}
    m_SubmeshIndex: 1
    m_ManualUV: 1
    elementGroup: -1
    m_TextureGroup: -1
  - m_Indexes: ab000000ac000000ad000000
    m_SmoothingGroup: 0
    m_Uv:
      m_UseWorldSpace: 0
      m_FlipU: 0
      m_FlipV: 0
      m_SwapUV: 0
      m_Fill: 1
      m_Scale: {x: 1, y: 1}
      m_Offset: {x: 0, y: 0}
      m_Rotation: 0
      m_Anchor: 9
    m_Material: {fileID: 0}
    m_SubmeshIndex: 1
    m_ManualUV: 1
    elementGroup: -1
    m_TextureGroup: -1
  - m_Indexes: ae000000af000000b0000000
    m_SmoothingGroup: 0
    m_Uv:
      m_UseWorldSpace: 0
      m_FlipU: 0
      m_FlipV: 0
      m_SwapUV: 0
      m_Fill: 1
      m_Scale: {x: 1, y: 1}
      m_Offset: {x: 0, y: 0}
      m_Rotation: 0
      m_Anchor: 9
    m_Material: {fileID: 0}
    m_SubmeshIndex: 1
    m_ManualUV: 1
    elementGroup: -1
    m_TextureGroup: -1
  - m_Indexes: b1000000b2000000b3000000
    m_SmoothingGroup: 0
    m_Uv:
      m_UseWorldSpace: 0
      m_FlipU: 0
      m_FlipV: 0
      m_SwapUV: 0
      m_Fill: 1
      m_Scale: {x: 1, y: 1}
      m_Offset: {x: 0, y: 0}
      m_Rotation: 0
      m_Anchor: 9
    m_Material: {fileID: 0}
    m_SubmeshIndex: 1
    m_ManualUV: 1
    elementGroup: -1
    m_TextureGroup: -1
  - m_Indexes: b4000000b5000000b6000000
    m_SmoothingGroup: 0
    m_Uv:
      m_UseWorldSpace: 0
      m_FlipU: 0
      m_FlipV: 0
      m_SwapUV: 0
      m_Fill: 1
      m_Scale: {x: 1, y: 1}
      m_Offset: {x: 0, y: 0}
      m_Rotation: 0
      m_Anchor: 9
    m_Material: {fileID: 0}
    m_SubmeshIndex: 1
    m_ManualUV: 1
    elementGroup: -1
    m_TextureGroup: -1
  - m_Indexes: b7000000b8000000b9000000
    m_SmoothingGroup: 0
    m_Uv:
      m_UseWorldSpace: 0
      m_FlipU: 0
      m_FlipV: 0
      m_SwapUV: 0
      m_Fill: 1
      m_Scale: {x: 1, y: 1}
      m_Offset: {x: 0, y: 0}
      m_Rotation: 0
      m_Anchor: 9
    m_Material: {fileID: 0}
    m_SubmeshIndex: 1
    m_ManualUV: 1
    elementGroup: -1
    m_TextureGroup: -1
  - m_Indexes: ba000000bb000000bc000000
    m_SmoothingGroup: 0
    m_Uv:
      m_UseWorldSpace: 0
      m_FlipU: 0
      m_FlipV: 0
      m_SwapUV: 0
      m_Fill: 1
      m_Scale: {x: 1, y: 1}
      m_Offset: {x: 0, y: 0}
      m_Rotation: 0
      m_Anchor: 9
    m_Material: {fileID: 0}
    m_SubmeshIndex: 1
    m_ManualUV: 1
    elementGroup: -1
    m_TextureGroup: -1
  - m_Indexes: bd000000be000000bf000000
    m_SmoothingGroup: 0
    m_Uv:
      m_UseWorldSpace: 0
      m_FlipU: 0
      m_FlipV: 0
      m_SwapUV: 0
      m_Fill: 1
      m_Scale: {x: 1, y: 1}
      m_Offset: {x: 0, y: 0}
      m_Rotation: 0
      m_Anchor: 9
    m_Material: {fileID: 0}
    m_SubmeshIndex: 1
    m_ManualUV: 1
    elementGroup: -1
    m_TextureGroup: -1
  - m_Indexes: c0000000c1000000c2000000
    m_SmoothingGroup: 0
    m_Uv:
      m_UseWorldSpace: 0
      m_FlipU: 0
      m_FlipV: 0
      m_SwapUV: 0
      m_Fill: 1
      m_Scale: {x: 1, y: 1}
      m_Offset: {x: 0, y: 0}
      m_Rotation: 0
      m_Anchor: 9
    m_Material: {fileID: 0}
    m_SubmeshIndex: 1
    m_ManualUV: 1
    elementGroup: -1
    m_TextureGroup: -1
  - m_Indexes: c3000000c4000000c5000000
    m_SmoothingGroup: 0
    m_Uv:
      m_UseWorldSpace: 0
      m_FlipU: 0
      m_FlipV: 0
      m_SwapUV: 0
      m_Fill: 1
      m_Scale: {x: 1, y: 1}
      m_Offset: {x: 0, y: 0}
      m_Rotation: 0
      m_Anchor: 9
    m_Material: {fileID: 0}
    m_SubmeshIndex: 1
    m_ManualUV: 1
    elementGroup: -1
    m_TextureGroup: -1
  - m_Indexes: c6000000c7000000c8000000
    m_SmoothingGroup: 0
    m_Uv:
      m_UseWorldSpace: 0
      m_FlipU: 0
      m_FlipV: 0
      m_SwapUV: 0
      m_Fill: 1
      m_Scale: {x: 1, y: 1}
      m_Offset: {x: 0, y: 0}
      m_Rotation: 0
      m_Anchor: 9
    m_Material: {fileID: 0}
    m_SubmeshIndex: 1
    m_ManualUV: 1
    elementGroup: -1
    m_TextureGroup: -1
  - m_Indexes: c9000000ca000000cb000000
    m_SmoothingGroup: 0
    m_Uv:
      m_UseWorldSpace: 0
      m_FlipU: 0
      m_FlipV: 0
      m_SwapUV: 0
      m_Fill: 1
      m_Scale: {x: 1, y: 1}
      m_Offset: {x: 0, y: 0}
      m_Rotation: 0
      m_Anchor: 9
    m_Material: {fileID: 0}
    m_SubmeshIndex: 1
    m_ManualUV: 1
    elementGroup: -1
    m_TextureGroup: -1
  - m_Indexes: cc000000cd000000ce000000
    m_SmoothingGroup: 0
    m_Uv:
      m_UseWorldSpace: 0
      m_FlipU: 0
      m_FlipV: 0
      m_SwapUV: 0
      m_Fill: 1
      m_Scale: {x: 1, y: 1}
      m_Offset: {x: 0, y: 0}
      m_Rotation: 0
      m_Anchor: 9
    m_Material: {fileID: 0}
    m_SubmeshIndex: 1
    m_ManualUV: 1
    elementGroup: -1
    m_TextureGroup: -1
  - m_Indexes: cf000000d0000000d1000000
    m_SmoothingGroup: 0
    m_Uv:
      m_UseWorldSpace: 0
      m_FlipU: 0
      m_FlipV: 0
      m_SwapUV: 0
      m_Fill: 1
      m_Scale: {x: 1, y: 1}
      m_Offset: {x: 0, y: 0}
      m_Rotation: 0
      m_Anchor: 9
    m_Material: {fileID: 0}
    m_SubmeshIndex: 1
    m_ManualUV: 1
    elementGroup: -1
    m_TextureGroup: -1
  - m_Indexes: d2000000d3000000d4000000
    m_SmoothingGroup: 0
    m_Uv:
      m_UseWorldSpace: 0
      m_FlipU: 0
      m_FlipV: 0
      m_SwapUV: 0
      m_Fill: 1
      m_Scale: {x: 1, y: 1}
      m_Offset: {x: 0, y: 0}
      m_Rotation: 0
      m_Anchor: 9
    m_Material: {fileID: 0}
    m_SubmeshIndex: 1
    m_ManualUV: 1
    elementGroup: -1
    m_TextureGroup: -1
  - m_Indexes: d5000000d6000000d7000000
    m_SmoothingGroup: 0
    m_Uv:
      m_UseWorldSpace: 0
      m_FlipU: 0
      m_FlipV: 0
      m_SwapUV: 0
      m_Fill: 1
      m_Scale: {x: 1, y: 1}
      m_Offset: {x: 0, y: 0}
      m_Rotation: 0
      m_Anchor: 9
    m_Material: {fileID: 0}
    m_SubmeshIndex: 1
    m_ManualUV: 1
    elementGroup: -1
    m_TextureGroup: -1
  - m_Indexes: d8000000d9000000da000000
    m_SmoothingGroup: 0
    m_Uv:
      m_UseWorldSpace: 0
      m_FlipU: 0
      m_FlipV: 0
      m_SwapUV: 0
      m_Fill: 1
      m_Scale: {x: 1, y: 1}
      m_Offset: {x: 0, y: 0}
      m_Rotation: 0
      m_Anchor: 9
    m_Material: {fileID: 0}
    m_SubmeshIndex: 1
    m_ManualUV: 1
    elementGroup: -1
    m_TextureGroup: -1
  - m_Indexes: db000000dc000000dd000000
    m_SmoothingGroup: 0
    m_Uv:
      m_UseWorldSpace: 0
      m_FlipU: 0
      m_FlipV: 0
      m_SwapUV: 0
      m_Fill: 1
      m_Scale: {x: 1, y: 1}
      m_Offset: {x: 0, y: 0}
      m_Rotation: 0
      m_Anchor: 9
    m_Material: {fileID: 0}
    m_SubmeshIndex: 1
    m_ManualUV: 1
    elementGroup: -1
    m_TextureGroup: -1
  - m_Indexes: de000000df000000e0000000
    m_SmoothingGroup: 0
    m_Uv:
      m_UseWorldSpace: 0
      m_FlipU: 0
      m_FlipV: 0
      m_SwapUV: 0
      m_Fill: 1
      m_Scale: {x: 1, y: 1}
      m_Offset: {x: 0, y: 0}
      m_Rotation: 0
      m_Anchor: 9
    m_Material: {fileID: 0}
    m_SubmeshIndex: 1
    m_ManualUV: 1
    elementGroup: -1
    m_TextureGroup: -1
  - m_Indexes: e1000000e2000000e3000000
    m_SmoothingGroup: 0
    m_Uv:
      m_UseWorldSpace: 0
      m_FlipU: 0
      m_FlipV: 0
      m_SwapUV: 0
      m_Fill: 1
      m_Scale: {x: 1, y: 1}
      m_Offset: {x: 0, y: 0}
      m_Rotation: 0
      m_Anchor: 9
    m_Material: {fileID: 0}
    m_SubmeshIndex: 1
    m_ManualUV: 1
    elementGroup: -1
    m_TextureGroup: -1
  - m_Indexes: e4000000e5000000e6000000
    m_SmoothingGroup: 0
    m_Uv:
      m_UseWorldSpace: 0
      m_FlipU: 0
      m_FlipV: 0
      m_SwapUV: 0
      m_Fill: 1
      m_Scale: {x: 1, y: 1}
      m_Offset: {x: 0, y: 0}
      m_Rotation: 0
      m_Anchor: 9
    m_Material: {fileID: 0}
    m_SubmeshIndex: 1
    m_ManualUV: 1
    elementGroup: -1
    m_TextureGroup: -1
  - m_Indexes: e7000000e8000000e9000000
    m_SmoothingGroup: 0
    m_Uv:
      m_UseWorldSpace: 0
      m_FlipU: 0
      m_FlipV: 0
      m_SwapUV: 0
      m_Fill: 1
      m_Scale: {x: 1, y: 1}
      m_Offset: {x: 0, y: 0}
      m_Rotation: 0
      m_Anchor: 9
    m_Material: {fileID: 0}
    m_SubmeshIndex: 1
    m_ManualUV: 1
    elementGroup: -1
    m_TextureGroup: -1
  - m_Indexes: ea000000eb000000ec000000
    m_SmoothingGroup: 0
    m_Uv:
      m_UseWorldSpace: 0
      m_FlipU: 0
      m_FlipV: 0
      m_SwapUV: 0
      m_Fill: 1
      m_Scale: {x: 1, y: 1}
      m_Offset: {x: 0, y: 0}
      m_Rotation: 0
      m_Anchor: 9
    m_Material: {fileID: 0}
    m_SubmeshIndex: 1
    m_ManualUV: 1
    elementGroup: -1
    m_TextureGroup: -1
  - m_Indexes: ed000000ee000000ef000000
    m_SmoothingGroup: 0
    m_Uv:
      m_UseWorldSpace: 0
      m_FlipU: 0
      m_FlipV: 0
      m_SwapUV: 0
      m_Fill: 1
      m_Scale: {x: 1, y: 1}
      m_Offset: {x: 0, y: 0}
      m_Rotation: 0
      m_Anchor: 9
    m_Material: {fileID: 0}
    m_SubmeshIndex: 1
    m_ManualUV: 1
    elementGroup: -1
    m_TextureGroup: -1
  - m_Indexes: f0000000f1000000f2000000
    m_SmoothingGroup: 0
    m_Uv:
      m_UseWorldSpace: 0
      m_FlipU: 0
      m_FlipV: 0
      m_SwapUV: 0
      m_Fill: 1
      m_Scale: {x: 1, y: 1}
      m_Offset: {x: 0, y: 0}
      m_Rotation: 0
      m_Anchor: 9
    m_Material: {fileID: 0}
    m_SubmeshIndex: 1
    m_ManualUV: 1
    elementGroup: -1
    m_TextureGroup: -1
  - m_Indexes: f3000000f4000000f5000000
    m_SmoothingGroup: 0
    m_Uv:
      m_UseWorldSpace: 0
      m_FlipU: 0
      m_FlipV: 0
      m_SwapUV: 0
      m_Fill: 1
      m_Scale: {x: 1, y: 1}
      m_Offset: {x: 0, y: 0}
      m_Rotation: 0
      m_Anchor: 9
    m_Material: {fileID: 0}
    m_SubmeshIndex: 1
    m_ManualUV: 1
    elementGroup: -1
    m_TextureGroup: -1
  - m_Indexes: f6000000f7000000f8000000
    m_SmoothingGroup: 0
    m_Uv:
      m_UseWorldSpace: 0
      m_FlipU: 0
      m_FlipV: 0
      m_SwapUV: 0
      m_Fill: 1
      m_Scale: {x: 1, y: 1}
      m_Offset: {x: 0, y: 0}
      m_Rotation: 0
      m_Anchor: 9
    m_Material: {fileID: 0}
    m_SubmeshIndex: 1
    m_ManualUV: 1
    elementGroup: -1
    m_TextureGroup: -1
  - m_Indexes: f9000000fa000000fb000000
    m_SmoothingGroup: 0
    m_Uv:
      m_UseWorldSpace: 0
      m_FlipU: 0
      m_FlipV: 0
      m_SwapUV: 0
      m_Fill: 1
      m_Scale: {x: 1, y: 1}
      m_Offset: {x: 0, y: 0}
      m_Rotation: 0
      m_Anchor: 9
    m_Material: {fileID: 0}
    m_SubmeshIndex: 1
    m_ManualUV: 1
    elementGroup: -1
    m_TextureGroup: -1
  - m_Indexes: fc000000fd000000fe000000
    m_SmoothingGroup: 0
    m_Uv:
      m_UseWorldSpace: 0
      m_FlipU: 0
      m_FlipV: 0
      m_SwapUV: 0
      m_Fill: 1
      m_Scale: {x: 1, y: 1}
      m_Offset: {x: 0, y: 0}
      m_Rotation: 0
      m_Anchor: 9
    m_Material: {fileID: 0}
    m_SubmeshIndex: 1
    m_ManualUV: 1
    elementGroup: -1
    m_TextureGroup: -1
  - m_Indexes: ff0000000001000001010000
    m_SmoothingGroup: 0
    m_Uv:
      m_UseWorldSpace: 0
      m_FlipU: 0
      m_FlipV: 0
      m_SwapUV: 0
      m_Fill: 1
      m_Scale: {x: 1, y: 1}
      m_Offset: {x: 0, y: 0}
      m_Rotation: 0
      m_Anchor: 9
    m_Material: {fileID: 0}
    m_SubmeshIndex: 1
    m_ManualUV: 1
    elementGroup: -1
    m_TextureGroup: -1
  m_SharedVertices:
  - m_Vertices: 0000000003000000460000004a0000004d000000ea000000f2000000f3000000
  - m_Vertices: 0100000064000000680000006b000000ef000000f1000000
  - m_Vertices: 02000000040000006a0000006e00000071000000e0000000
  - m_Vertices: 050000004300000047000000df000000e3000000
  - m_Vertices: 060000000a0000003d0000004100000044000000e2000000
  - m_Vertices: 070000007000000074000000de000000e1000000
  - m_Vertices: 080000000b00000073000000770000007a000000e8000000
  - m_Vertices: 090000003a0000003e000000e4000000e7000000
  - m_Vertices: 0c0000000f00000034000000380000003b000000e6000000
  - m_Vertices: 0d0000001100000014000000190000007c000000f8000000fb000000fe000000
  - m_Vertices: 0e0000002e00000035000000fa00000001010000
  - m_Vertices: 10000000760000007d000000e5000000e9000000
  - m_Vertices: 1200000075000000790000007b000000d3000000d8000000db000000
  - m_Vertices: 13000000160000001a0000009d0000009f000000d2000000d5000000
  - m_Vertices: 15000000180000001d000000f6000000
  - m_Vertices: 170000001b0000001e0000009c000000a3000000a5000000
  - m_Vertices: 1c0000002000000025000000f7000000fc000000
  - m_Vertices: 1f0000002300000026000000a2000000a9000000ab000000
  - m_Vertices: 21000000270000002a000000a8000000af000000b1000000
  - m_Vertices: 220000002400000029000000f9000000fd000000ff000000
  - m_Vertices: 280000002c0000002f0000003100000000010000
  - m_Vertices: 2b00000032000000ae000000b5000000b7000000
  - m_Vertices: 2d000000300000003300000036000000b4000000ce000000d1000000
  - m_Vertices: 37000000390000003c0000003f000000c8000000cb000000cd000000
  - m_Vertices: 40000000420000004500000048000000be000000c7000000
  - m_Vertices: 490000004b0000004e0000007f00000081000000ba000000bd000000
  - m_Vertices: 4c00000050000000590000005c000000f4000000
  - m_Vertices: 4f000000570000007e0000008500000087000000
  - m_Vertices: 510000005b000000eb000000f5000000
  - m_Vertices: 5200000054000000580000005a000000840000008b0000008d000000
  - m_Vertices: 53000000560000005d000000ec000000ed000000f0000000
  - m_Vertices: 550000005e000000610000008a0000009100000093000000
  - m_Vertices: 5f0000006000000065000000ee000000
  - m_Vertices: 620000006300000066000000900000009700000099000000
  - m_Vertices: 67000000690000006c00000096000000c1000000c3000000
  - m_Vertices: 6d0000006f0000007200000078000000c0000000d9000000
  - m_Vertices: 82000000bc000000
  - m_Vertices: 800000008300000088000000
  - m_Vertices: 86000000890000008e000000
  - m_Vertices: 8c0000008f00000094000000
  - m_Vertices: aa000000ad000000b2000000
  - m_Vertices: b0000000b3000000b8000000
  - m_Vertices: b6000000b9000000cf000000
  - m_Vertices: a4000000a7000000ac000000
  - m_Vertices: 9e000000a1000000a6000000
  - m_Vertices: 92000000950000009a000000
  - m_Vertices: 980000009b000000c4000000
  - m_Vertices: a0000000d7000000
  - m_Vertices: bb000000bf000000c6000000ca000000
  - m_Vertices: c2000000c5000000da000000dc000000
  - m_Vertices: c9000000cc000000d0000000
  - m_Vertices: d4000000d6000000dd000000
  m_SharedTextures: []
  m_Positions:
  - {x: 2.46875, y: 0, z: 0.6875}
  - {x: 0.53125, y: 0, z: 0.6875}
  - {x: 0.53125, y: 0, z: 0.9375}
  - {x: 2.46875, y: 0, z: 0.6875}
  - {x: 0.53125, y: 0, z: 0.9375}
  - {x: 2.46875, y: 0, z: 0.9375}
  - {x: 2.46875, y: 0, z: 1.25}
  - {x: 0.53125, y: 0, z: 1.25}
  - {x: 0.53125, y: 0, z: 1.75}
  - {x: 2.46875, y: 0, z: 1.75}
  - {x: 2.46875, y: 0, z: 1.25}
  - {x: 0.53125, y: 0, z: 1.75}
  - {x: 2.46875, y: 0, z: 2.0625}
  - {x: 0.53125, y: 0, z: 2.25}
  - {x: 2.46875, y: 0, z: 2.25}
  - {x: 2.46875, y: 0, z: 2.0625}
  - {x: 0.53125, y: 0, z: 2.0625}
  - {x: 0.53125, y: 0, z: 2.25}
  - {x: 0.375, y: 0, z: 1.875}
  - {x: 0.375, y: 0, z: 2.4062502}
  - {x: 0.53125, y: 0, z: 2.25}
  - {x: 0.5625, y: 0, z: 2.375}
  - {x: 0.375, y: 0, z: 2.4062502}
  - {x: 0.40625, y: 0, z: 2.5312502}
  - {x: 0.5625, y: 0, z: 2.375}
  - {x: 0.53125, y: 0, z: 2.25}
  - {x: 0.375, y: 0, z: 2.4062502}
  - {x: 0.40625, y: 0, z: 2.5312502}
  - {x: 0.65625, y: 0, z: 2.46875}
  - {x: 0.5625, y: 0, z: 2.375}
  - {x: 0.40625, y: 0, z: 2.5312502}
  - {x: 0.5, y: 0, z: 2.6250002}
  - {x: 0.65625, y: 0, z: 2.46875}
  - {x: 2.46875, y: 0, z: 2.6249993}
  - {x: 2.3125, y: 0, z: 2.46875}
  - {x: 0.5, y: 0, z: 2.6250002}
  - {x: 2.3125, y: 0, z: 2.46875}
  - {x: 0.65625, y: 0, z: 2.46875}
  - {x: 0.5, y: 0, z: 2.6250002}
  - {x: 2.46875, y: 0, z: 2.6249993}
  - {x: 2.40625, y: 0, z: 2.40625}
  - {x: 2.3125, y: 0, z: 2.46875}
  - {x: 2.46875, y: 0, z: 2.6249993}
  - {x: 2.5625, y: 0, z: 2.5624993}
  - {x: 2.40625, y: 0, z: 2.40625}
  - {x: 2.625, y: 0, z: 2.4687493}
  - {x: 2.46875, y: 0, z: 2.25}
  - {x: 2.40625, y: 0, z: 2.40625}
  - {x: 2.625, y: 0, z: 2.4687493}
  - {x: 2.40625, y: 0, z: 2.40625}
  - {x: 2.5625, y: 0, z: 2.5624993}
  - {x: 2.625, y: 0, z: 2.4687493}
  - {x: 2.46875, y: 0, z: 2.0625}
  - {x: 2.46875, y: 0, z: 2.25}
  - {x: 2.625, y: 0, z: 2.4687493}
  - {x: 2.625, y: 0, z: 1.875}
  - {x: 2.46875, y: 0, z: 2.0625}
  - {x: 2.625, y: 0, z: 1.875}
  - {x: 2.46875, y: 0, z: 1.75}
  - {x: 2.46875, y: 0, z: 2.0625}
  - {x: 2.625, y: 0, z: 1.875}
  - {x: 2.46875, y: 0, z: 1.25}
  - {x: 2.46875, y: 0, z: 1.75}
  - {x: 2.625, y: 0, z: 1.875}
  - {x: 2.625, y: 0, z: 1.125}
  - {x: 2.46875, y: 0, z: 1.25}
  - {x: 2.625, y: 0, z: 1.125}
  - {x: 2.46875, y: 0, z: 0.9375}
  - {x: 2.46875, y: 0, z: 1.25}
  - {x: 2.625, y: 0, z: 1.125}
  - {x: 2.46875, y: 0, z: 0.6875}
  - {x: 2.46875, y: 0, z: 0.9375}
  - {x: 2.625, y: 0, z: 1.125}
  - {x: 2.625, y: 0, z: 0.53124905}
  - {x: 2.46875, y: 0, z: 0.6875}
  - {x: 2.625, y: 0, z: 0.53124905}
  - {x: 2.40625, y: 0, z: 0.59375}
  - {x: 2.46875, y: 0, z: 0.6875}
  - {x: 2.625, y: 0, z: 0.53124905}
  - {x: 2.5625, y: 0, z: 0.43749905}
  - {x: 2.40625, y: 0, z: 0.59375}
  - {x: 2.3125, y: 0, z: 0.53125}
  - {x: 2.46875, y: 0, z: 0.37499905}
  - {x: 0.6875, y: 0, z: 0.53125}
  - {x: 2.46875, y: 0, z: 0.37499905}
  - {x: 0.53125, y: 0, z: 0.37499976}
  - {x: 0.6875, y: 0, z: 0.53125}
  - {x: 2.5625, y: 0, z: 0.43749905}
  - {x: 2.46875, y: 0, z: 0.37499905}
  - {x: 2.40625, y: 0, z: 0.59375}
  - {x: 2.46875, y: 0, z: 0.37499905}
  - {x: 2.3125, y: 0, z: 0.53125}
  - {x: 2.40625, y: 0, z: 0.59375}
  - {x: 0.6875, y: 0, z: 0.53125}
  - {x: 0.53125, y: 0, z: 0.37499976}
  - {x: 0.59375, y: 0, z: 0.59375}
  - {x: 0.59375, y: 0, z: 0.59375}
  - {x: 0.53125, y: 0, z: 0.37499976}
  - {x: 0.4375, y: 0, z: 0.4375}
  - {x: 0.4375, y: 0, z: 0.4375}
  - {x: 0.53125, y: 0, z: 0.6875}
  - {x: 0.59375, y: 0, z: 0.59375}
  - {x: 0.4375, y: 0, z: 0.4375}
  - {x: 0.375, y: 0, z: 0.53125}
  - {x: 0.53125, y: 0, z: 0.6875}
  - {x: 0.375, y: 0, z: 0.53125}
  - {x: 0.53125, y: 0, z: 0.9375}
  - {x: 0.53125, y: 0, z: 0.6875}
  - {x: 0.375, y: 0, z: 0.53125}
  - {x: 0.375, y: 0, z: 1.125}
  - {x: 0.53125, y: 0, z: 0.9375}
  - {x: 0.375, y: 0, z: 1.125}
  - {x: 0.53125, y: 0, z: 1.25}
  - {x: 0.53125, y: 0, z: 0.9375}
  - {x: 0.375, y: 0, z: 1.125}
  - {x: 0.53125, y: 0, z: 1.75}
  - {x: 0.53125, y: 0, z: 1.25}
  - {x: 0.375, y: 0, z: 1.875}
  - {x: 0.53125, y: 0, z: 2.0625}
  - {x: 0.53125, y: 0, z: 1.75}
  - {x: 0.375, y: 0, z: 1.125}
  - {x: 0.375, y: 0, z: 1.875}
  - {x: 0.53125, y: 0, z: 1.75}
  - {x: 0.375, y: 0, z: 1.875}
  - {x: 0.53125, y: 0, z: 2.25}
  - {x: 0.53125, y: 0, z: 2.0625}
  - {x: 2.5625, y: 0, z: 0.43749905}
  - {x: 2.625, y: 0, z: 0.53124905}
  - {x: 3, y: 0, z: -0.00000053644175}
  - {x: 2.625, y: 0, z: 0.53124905}
  - {x: 3.0000124, y: 0, z: 0.468749}
  - {x: 3, y: 0, z: -0.00000053644175}
  - {x: 2.46875, y: 0, z: 0.37499905}
  - {x: 2.5625, y: 0, z: 0.43749905}
  - {x: 2.53125, y: 0, z: -0.0000004768372}
  - {x: 2.5625, y: 0, z: 0.43749905}
  - {x: 3, y: 0, z: -0.00000053644175}
  - {x: 2.53125, y: 0, z: -0.0000004768372}
  - {x: 0.53125, y: 0, z: 0.37499976}
  - {x: 2.46875, y: 0, z: 0.37499905}
  - {x: 0.46875, y: 0, z: -7.1054274e-14}
  - {x: 2.46875, y: 0, z: 0.37499905}
  - {x: 2.53125, y: 0, z: -0.0000004768372}
  - {x: 0.46875, y: 0, z: -7.1054274e-14}
  - {x: 0.4375, y: 0, z: 0.4375}
  - {x: 0.53125, y: 0, z: 0.37499976}
  - {x: 0, y: 0, z: 0}
  - {x: 0.53125, y: 0, z: 0.37499976}
  - {x: 0.46875, y: 0, z: -7.1054274e-14}
  - {x: 0, y: 0, z: 0}
  - {x: 0.375, y: 0, z: 0.53125}
  - {x: 0.4375, y: 0, z: 0.4375}
  - {x: -0.000011920929, y: 0, z: 0.46875006}
  - {x: 0.4375, y: 0, z: 0.4375}
  - {x: 0, y: 0, z: 0}
  - {x: -0.000011920929, y: 0, z: 0.46875006}
  - {x: 0.40625, y: 0, z: 2.5312502}
  - {x: 0.375, y: 0, z: 2.4062502}
  - {x: 0.001200676, y: 0, z: 3}
  - {x: 0.375, y: 0, z: 2.4062502}
  - {x: -0.000009536743, y: 0, z: 2.4375002}
  - {x: 0.001200676, y: 0, z: 3}
  - {x: 0.5, y: 0, z: 2.6250002}
  - {x: 0.40625, y: 0, z: 2.5312502}
  - {x: 0.40625, y: 0, z: 3}
  - {x: 0.40625, y: 0, z: 2.5312502}
  - {x: 0.001200676, y: 0, z: 3}
  - {x: 0.40625, y: 0, z: 3}
  - {x: 2.46875, y: 0, z: 2.6249993}
  - {x: 0.5, y: 0, z: 2.6250002}
  - {x: 2.53125, y: 0, z: 2.9999995}
  - {x: 0.5, y: 0, z: 2.6250002}
  - {x: 0.40625, y: 0, z: 3}
  - {x: 2.53125, y: 0, z: 2.9999995}
  - {x: 2.5625, y: 0, z: 2.5624993}
  - {x: 2.46875, y: 0, z: 2.6249993}
  - {x: 3, y: 0, z: 2.9999995}
  - {x: 2.46875, y: 0, z: 2.6249993}
  - {x: 2.53125, y: 0, z: 2.9999995}
  - {x: 3, y: 0, z: 2.9999995}
  - {x: 2.625, y: 0, z: 2.4687493}
  - {x: 2.5625, y: 0, z: 2.5624993}
  - {x: 3.0000114, y: 0, z: 2.5312493}
  - {x: 2.5625, y: 0, z: 2.5624993}
  - {x: 3, y: 0, z: 2.9999995}
  - {x: 3.0000114, y: 0, z: 2.5312493}
  - {x: 2.625, y: 0, z: 0.53124905}
  - {x: 3.0000114, y: 0, z: 1.125}
  - {x: 3.0000124, y: 0, z: 0.468749}
  - {x: 2.625, y: 0, z: 0.53124905}
  - {x: 2.625, y: 0, z: 1.125}
  - {x: 3.0000114, y: 0, z: 1.125}
  - {x: 0.375, y: 0, z: 1.125}
  - {x: 0.375, y: 0, z: 0.53125}
  - {x: -0.0000104904175, y: 0, z: 1.125}
  - {x: 0.375, y: 0, z: 0.53125}
  - {x: -0.000011920929, y: 0, z: 0.46875006}
  - {x: -0.0000104904175, y: 0, z: 1.125}
  - {x: 3.0000114, y: 0, z: 1.125}
  - {x: 2.625, y: 0, z: 1.125}
  - {x: 2.625, y: 0, z: 1.875}
  - {x: 3.0000114, y: 0, z: 1.875}
  - {x: 3.0000114, y: 0, z: 1.125}
  - {x: 2.625, y: 0, z: 1.875}
  - {x: 3.0000114, y: 0, z: 1.875}
  - {x: 2.625, y: 0, z: 1.875}
  - {x: 2.625, y: 0, z: 2.4687493}
  - {x: 3.0000114, y: 0, z: 2.5312493}
  - {x: 3.0000114, y: 0, z: 1.875}
  - {x: 2.625, y: 0, z: 2.4687493}
  - {x: 0.375, y: 0, z: 2.4062502}
  - {x: 0.375, y: 0, z: 1.875}
  - {x: -0.00001001358, y: 0, z: 1.875}
  - {x: 0.375, y: 0, z: 2.4062502}
  - {x: -0.00001001358, y: 0, z: 1.875}
  - {x: -0.000009536743, y: 0, z: 2.4375002}
  - {x: 0.375, y: 0, z: 1.875}
  - {x: 0.375, y: 0, z: 1.125}
  - {x: -0.0000104904175, y: 0, z: 1.125}
  - {x: 0.375, y: 0, z: 1.875}
  - {x: -0.0000104904175, y: 0, z: 1.125}
  - {x: -0.00001001358, y: 0, z: 1.875}
  - {x: 0.53125, y: 0, z: 1.25}
  - {x: 2.46875, y: 0, z: 0.9375}
  - {x: 0.53125, y: 0, z: 0.9375}
  - {x: 0.53125, y: 0, z: 1.25}
  - {x: 2.46875, y: 0, z: 1.25}
  - {x: 2.46875, y: 0, z: 0.9375}
  - {x: 2.46875, y: 0, z: 1.75}
  - {x: 0.53125, y: 0, z: 2.0625}
  - {x: 2.46875, y: 0, z: 2.0625}
  - {x: 2.46875, y: 0, z: 1.75}
  - {x: 0.53125, y: 0, z: 1.75}
  - {x: 0.53125, y: 0, z: 2.0625}
  - {x: 2.46875, y: 0, z: 0.6875}
  - {x: 2.3125, y: 0, z: 0.53125}
  - {x: 0.6875, y: 0, z: 0.53125}
  - {x: 0.6875, y: 0, z: 0.53125}
  - {x: 0.59375, y: 0, z: 0.59375}
  - {x: 0.53125, y: 0, z: 0.6875}
  - {x: 0.6875, y: 0, z: 0.53125}
  - {x: 0.53125, y: 0, z: 0.6875}
  - {x: 2.46875, y: 0, z: 0.6875}
  - {x: 2.46875, y: 0, z: 0.6875}
  - {x: 2.40625, y: 0, z: 0.59375}
  - {x: 2.3125, y: 0, z: 0.53125}
  - {x: 0.5625, y: 0, z: 2.375}
  - {x: 0.65625, y: 0, z: 2.46875}
  - {x: 0.53125, y: 0, z: 2.25}
  - {x: 2.3125, y: 0, z: 2.46875}
  - {x: 2.46875, y: 0, z: 2.25}
  - {x: 0.53125, y: 0, z: 2.25}
  - {x: 0.65625, y: 0, z: 2.46875}
  - {x: 2.3125, y: 0, z: 2.46875}
  - {x: 0.53125, y: 0, z: 2.25}
  - {x: 2.3125, y: 0, z: 2.46875}
  - {x: 2.40625, y: 0, z: 2.40625}
  - {x: 2.46875, y: 0, z: 2.25}
  m_Textures0:
  - {x: 0.82291394, y: 0.22916497}
  - {x: 0.17708588, y: 0.22916497}
  - {x: 0.17708588, y: 0.31249762}
  - {x: 0.82291394, y: 0.22916497}
  - {x: 0.17708588, y: 0.31249762}
  - {x: 0.82291394, y: 0.31249762}
  - {x: 0.82291394, y: 0.41666344}
  - {x: 0.17708588, y: 0.41666344}
  - {x: 0.17708588, y: 0.5833288}
  - {x: 0.82291394, y: 0.5833288}
  - {x: 0.82291394, y: 0.41666344}
  - {x: 0.17708588, y: 0.5833288}
  - {x: 0.82291394, y: 0.6874946}
  - {x: 0.17708588, y: 0.7499941}
  - {x: 0.82291394, y: 0.7499941}
  - {x: 0.82291394, y: 0.6874946}
  - {x: 0.17708588, y: 0.6874946}
  - {x: 0.17708588, y: 0.7499941}
  - {x: 0.12500297, y: 0.6249951}
  - {x: 0.12500297, y: 0.8020772}
  - {x: 0.17708588, y: 0.7499941}
  - {x: 0.18750246, y: 0.7916604}
  - {x: 0.12500297, y: 0.8020772}
  - {x: 0.13541955, y: 0.8437435}
  - {x: 0.18750246, y: 0.7916604}
  - {x: 0.17708588, y: 0.7499941}
  - {x: 0.12500297, y: 0.8020772}
  - {x: 0.13541955, y: 0.8437435}
  - {x: 0.2187522, y: 0.82291013}
  - {x: 0.18750246, y: 0.7916604}
  - {x: 0.13541955, y: 0.8437435}
  - {x: 0.1666693, y: 0.8749932}
  - {x: 0.2187522, y: 0.82291013}
  - {x: 0.82291394, y: 0.8749929}
  - {x: 0.77083105, y: 0.82291013}
  - {x: 0.1666693, y: 0.8749932}
  - {x: 0.77083105, y: 0.82291013}
  - {x: 0.2187522, y: 0.82291013}
  - {x: 0.1666693, y: 0.8749932}
  - {x: 0.82291394, y: 0.8749929}
  - {x: 0.8020808, y: 0.802077}
  - {x: 0.77083105, y: 0.82291013}
  - {x: 0.82291394, y: 0.8749929}
  - {x: 0.8541637, y: 0.8541598}
  - {x: 0.8020808, y: 0.802077}
  - {x: 0.8749969, y: 0.82291}
  - {x: 0.82291394, y: 0.7499941}
  - {x: 0.8020808, y: 0.802077}
  - {x: 0.8749969, y: 0.82291}
  - {x: 0.8020808, y: 0.802077}
  - {x: 0.8541637, y: 0.8541598}
  - {x: 0.8749969, y: 0.82291}
  - {x: 0.82291394, y: 0.6874946}
  - {x: 0.82291394, y: 0.7499941}
  - {x: 0.8749969, y: 0.82291}
  - {x: 0.8749969, y: 0.6249951}
  - {x: 0.82291394, y: 0.6874946}
  - {x: 0.8749969, y: 0.6249951}
  - {x: 0.82291394, y: 0.5833288}
  - {x: 0.82291394, y: 0.6874946}
  - {x: 0.8749969, y: 0.6249951}
  - {x: 0.82291394, y: 0.41666344}
  - {x: 0.82291394, y: 0.5833288}
  - {x: 0.8749969, y: 0.6249951}
  - {x: 0.8749969, y: 0.3749971}
  - {x: 0.82291394, y: 0.41666344}
  - {x: 0.8749969, y: 0.3749971}
  - {x: 0.82291394, y: 0.31249762}
  - {x: 0.82291394, y: 0.41666344}
  - {x: 0.8749969, y: 0.3749971}
  - {x: 0.82291394, y: 0.22916497}
  - {x: 0.82291394, y: 0.31249762}
  - {x: 0.8749969, y: 0.3749971}
  - {x: 0.8749969, y: 0.17708173}
  - {x: 0.82291394, y: 0.22916497}
  - {x: 0.8749969, y: 0.17708173}
  - {x: 0.8020808, y: 0.19791523}
  - {x: 0.82291394, y: 0.22916497}
  - {x: 0.8749969, y: 0.17708173}
  - {x: 0.8541637, y: 0.14583199}
  - {x: 0.8020808, y: 0.19791523}
  - {x: 0.77083105, y: 0.17708206}
  - {x: 0.82291394, y: 0.12499883}
  - {x: 0.22916879, y: 0.17708206}
  - {x: 0.82291394, y: 0.12499883}
  - {x: 0.17708588, y: 0.12499899}
  - {x: 0.22916879, y: 0.17708206}
  - {x: 0.8541637, y: 0.14583199}
  - {x: 0.82291394, y: 0.12499883}
  - {x: 0.8020808, y: 0.19791523}
  - {x: 0.82291394, y: 0.12499883}
  - {x: 0.77083105, y: 0.17708206}
  - {x: 0.8020808, y: 0.19791523}
  - {x: 0.22916879, y: 0.17708206}
  - {x: 0.17708588, y: 0.12499899}
  - {x: 0.19791904, y: 0.19791523}
  - {x: 0.19791904, y: 0.19791523}
  - {x: 0.17708588, y: 0.12499899}
  - {x: 0.14583613, y: 0.14583232}
  - {x: 0.14583613, y: 0.14583232}
  - {x: 0.17708588, y: 0.22916497}
  - {x: 0.19791904, y: 0.19791523}
  - {x: 0.14583613, y: 0.14583232}
  - {x: 0.12500297, y: 0.17708206}
  - {x: 0.17708588, y: 0.22916497}
  - {x: 0.12500297, y: 0.17708206}
  - {x: 0.17708588, y: 0.31249762}
  - {x: 0.17708588, y: 0.22916497}
  - {x: 0.12500297, y: 0.17708206}
  - {x: 0.12500297, y: 0.3749971}
  - {x: 0.17708588, y: 0.31249762}
  - {x: 0.12500297, y: 0.3749971}
  - {x: 0.17708588, y: 0.41666344}
  - {x: 0.17708588, y: 0.31249762}
  - {x: 0.12500297, y: 0.3749971}
  - {x: 0.17708588, y: 0.5833288}
  - {x: 0.17708588, y: 0.41666344}
  - {x: 0.12500297, y: 0.6249951}
  - {x: 0.17708588, y: 0.6874946}
  - {x: 0.17708588, y: 0.5833288}
  - {x: 0.12500297, y: 0.3749971}
  - {x: 0.12500297, y: 0.6249951}
  - {x: 0.17708588, y: 0.5833288}
  - {x: 0.12500297, y: 0.6249951}
  - {x: 0.17708588, y: 0.7499941}
  - {x: 0.17708588, y: 0.6874946}
  - {x: 0.8541637, y: 0.14583199}
  - {x: 0.8749969, y: 0.17708173}
  - {x: 0.9999959, y: 0}
  - {x: 0.8749969, y: 0.17708173}
  - {x: 1, y: 0.15624857}
  - {x: 0.9999959, y: 0}
  - {x: 0.82291394, y: 0.12499883}
  - {x: 0.8541637, y: 0.14583199}
  - {x: 0.84374714, y: 0}
  - {x: 0.8541637, y: 0.14583199}
  - {x: 0.9999959, y: 0}
  - {x: 0.84374714, y: 0}
  - {x: 0.17708588, y: 0.12499899}
  - {x: 0.82291394, y: 0.12499883}
  - {x: 0.15625271, y: 0.00000015894443}
  - {x: 0.82291394, y: 0.12499883}
  - {x: 0.84374714, y: 0}
  - {x: 0.15625271, y: 0.00000015894443}
  - {x: 0.14583613, y: 0.14583232}
  - {x: 0.17708588, y: 0.12499899}
  - {x: 0.000003973611, y: 0.00000015894443}
  - {x: 0.17708588, y: 0.12499899}
  - {x: 0.15625271, y: 0.00000015894443}
  - {x: 0.000003973611, y: 0.00000015894443}
  - {x: 0.12500297, y: 0.17708206}
  - {x: 0.14583613, y: 0.14583232}
  - {x: 0, y: 0.1562489}
  - {x: 0.14583613, y: 0.14583232}
  - {x: 0.000003973611, y: 0.00000015894443}
  - {x: 0, y: 0.1562489}
  - {x: 0.13541955, y: 0.8437435}
  - {x: 0.12500297, y: 0.8020772}
  - {x: 0.00040419569, y: 0.9999921}
  - {x: 0.12500297, y: 0.8020772}
  - {x: 0.00000079472215, y: 0.81249374}
  - {x: 0.00040419569, y: 0.9999921}
  - {x: 0.1666693, y: 0.8749932}
  - {x: 0.13541955, y: 0.8437435}
  - {x: 0.13541955, y: 0.9999921}
  - {x: 0.13541955, y: 0.8437435}
  - {x: 0.00040419569, y: 0.9999921}
  - {x: 0.13541955, y: 0.9999921}
  - {x: 0.82291394, y: 0.8749929}
  - {x: 0.1666693, y: 0.8749932}
  - {x: 0.84374714, y: 0.9999919}
  - {x: 0.1666693, y: 0.8749932}
  - {x: 0.13541955, y: 0.9999921}
  - {x: 0.84374714, y: 0.9999919}
  - {x: 0.8541637, y: 0.8541598}
  - {x: 0.82291394, y: 0.8749929}
  - {x: 0.9999959, y: 0.9999919}
  - {x: 0.82291394, y: 0.8749929}
  - {x: 0.84374714, y: 0.9999919}
  - {x: 0.9999959, y: 0.9999919}
  - {x: 0.8749969, y: 0.82291}
  - {x: 0.8541637, y: 0.8541598}
  - {x: 0.9999997, y: 0.84374315}
  - {x: 0.8541637, y: 0.8541598}
  - {x: 0.9999959, y: 0.9999919}
  - {x: 0.9999997, y: 0.84374315}
  - {x: 0.8749969, y: 0.17708173}
  - {x: 0.9999997, y: 0.3749971}
  - {x: 1, y: 0.15624857}
  - {x: 0.8749969, y: 0.17708173}
  - {x: 0.8749969, y: 0.3749971}
  - {x: 0.9999997, y: 0.3749971}
  - {x: 0.12500297, y: 0.3749971}
  - {x: 0.12500297, y: 0.17708206}
  - {x: 0.0000004768333, y: 0.3749971}
  - {x: 0.12500297, y: 0.17708206}
  - {x: 0, y: 0.1562489}
  - {x: 0.0000004768333, y: 0.3749971}
  - {x: 0.9999997, y: 0.3749971}
  - {x: 0.8749969, y: 0.3749971}
  - {x: 0.8749969, y: 0.6249951}
  - {x: 0.9999997, y: 0.6249951}
  - {x: 0.9999997, y: 0.3749971}
  - {x: 0.8749969, y: 0.6249951}
  - {x: 0.9999997, y: 0.6249951}
  - {x: 0.8749969, y: 0.6249951}
  - {x: 0.8749969, y: 0.82291}
  - {x: 0.9999997, y: 0.84374315}
  - {x: 0.9999997, y: 0.6249951}
  - {x: 0.8749969, y: 0.82291}
  - {x: 0.12500297, y: 0.8020772}
  - {x: 0.12500297, y: 0.6249951}
  - {x: 0.0000006357777, y: 0.6249951}
  - {x: 0.12500297, y: 0.8020772}
  - {x: 0.0000006357777, y: 0.6249951}
  - {x: 0.00000079472215, y: 0.81249374}
  - {x: 0.12500297, y: 0.6249951}
  - {x: 0.12500297, y: 0.3749971}
  - {x: 0.0000004768333, y: 0.3749971}
  - {x: 0.12500297, y: 0.6249951}
  - {x: 0.0000004768333, y: 0.3749971}
  - {x: 0.0000006357777, y: 0.6249951}
  - {x: 0.17708588, y: 0.41666344}
  - {x: 0.82291394, y: 0.31249762}
  - {x: 0.17708588, y: 0.31249762}
  - {x: 0.17708588, y: 0.41666344}
  - {x: 0.82291394, y: 0.41666344}
  - {x: 0.82291394, y: 0.31249762}
  - {x: 0.82291394, y: 0.5833288}
  - {x: 0.17708588, y: 0.6874946}
  - {x: 0.82291394, y: 0.6874946}
  - {x: 0.82291394, y: 0.5833288}
  - {x: 0.17708588, y: 0.5833288}
  - {x: 0.17708588, y: 0.6874946}
  - {x: 0.82291394, y: 0.22916497}
  - {x: 0.77083105, y: 0.17708206}
  - {x: 0.22916879, y: 0.17708206}
  - {x: 0.22916879, y: 0.17708206}
  - {x: 0.19791904, y: 0.19791523}
  - {x: 0.17708588, y: 0.22916497}
  - {x: 0.22916879, y: 0.17708206}
  - {x: 0.17708588, y: 0.22916497}
  - {x: 0.82291394, y: 0.22916497}
  - {x: 0.82291394, y: 0.22916497}
  - {x: 0.8020808, y: 0.19791523}
  - {x: 0.77083105, y: 0.17708206}
  - {x: 0.18750246, y: 0.7916604}
  - {x: 0.2187522, y: 0.82291013}
  - {x: 0.17708588, y: 0.7499941}
  - {x: 0.77083105, y: 0.82291013}
  - {x: 0.82291394, y: 0.7499941}
  - {x: 0.17708588, y: 0.7499941}
  - {x: 0.2187522, y: 0.82291013}
  - {x: 0.77083105, y: 0.82291013}
  - {x: 0.17708588, y: 0.7499941}
  - {x: 0.77083105, y: 0.82291013}
  - {x: 0.8020808, y: 0.802077}
  - {x: 0.82291394, y: 0.7499941}
  m_Textures2:
  - {x: 0, y: 0, z: 0, w: 0}
  - {x: 0, y: 0, z: 0, w: 0}
  - {x: 0, y: 0, z: 0, w: 0}
  - {x: 0, y: 0, z: 0, w: 0}
  - {x: 0, y: 0, z: 0, w: 0}
  - {x: 0, y: 0, z: 0, w: 0}
  - {x: 0, y: 0, z: 0, w: 0}
  - {x: 0, y: 0, z: 0, w: 0}
  - {x: 0, y: 0, z: 0, w: 0}
  - {x: 0, y: 0, z: 0, w: 0}
  - {x: 0, y: 0, z: 0, w: 0}
  - {x: 0, y: 0, z: 0, w: 0}
  - {x: 0, y: 0, z: 0, w: 0}
  - {x: 0, y: 0, z: 0, w: 0}
  - {x: 0, y: 0, z: 0, w: 0}
  - {x: 0, y: 0, z: 0, w: 0}
  - {x: 0, y: 0, z: 0, w: 0}
  - {x: 0, y: 0, z: 0, w: 0}
  - {x: 0, y: 0, z: 0, w: 0}
  - {x: 0, y: 0, z: 0, w: 0}
  - {x: 0, y: 0, z: 0, w: 0}
  - {x: 0, y: 0, z: 0, w: 0}
  - {x: 0, y: 0, z: 0, w: 0}
  - {x: 0, y: 0, z: 0, w: 0}
  - {x: 0, y: 0, z: 0, w: 0}
  - {x: 0, y: 0, z: 0, w: 0}
  - {x: 0, y: 0, z: 0, w: 0}
  - {x: 0, y: 0, z: 0, w: 0}
  - {x: 0, y: 0, z: 0, w: 0}
  - {x: 0, y: 0, z: 0, w: 0}
  - {x: 0, y: 0, z: 0, w: 0}
  - {x: 0, y: 0, z: 0, w: 0}
  - {x: 0, y: 0, z: 0, w: 0}
  - {x: 0, y: 0, z: 0, w: 0}
  - {x: 0, y: 0, z: 0, w: 0}
  - {x: 0, y: 0, z: 0, w: 0}
  - {x: 0, y: 0, z: 0, w: 0}
  - {x: 0, y: 0, z: 0, w: 0}
  - {x: 0, y: 0, z: 0, w: 0}
  - {x: 0, y: 0, z: 0, w: 0}
  - {x: 0, y: 0, z: 0, w: 0}
  - {x: 0, y: 0, z: 0, w: 0}
  - {x: 0, y: 0, z: 0, w: 0}
  - {x: 0, y: 0, z: 0, w: 0}
  - {x: 0, y: 0, z: 0, w: 0}
  - {x: 0, y: 0, z: 0, w: 0}
  - {x: 0, y: 0, z: 0, w: 0}
  - {x: 0, y: 0, z: 0, w: 0}
  - {x: 0, y: 0, z: 0, w: 0}
  - {x: 0, y: 0, z: 0, w: 0}
  - {x: 0, y: 0, z: 0, w: 0}
  - {x: 0, y: 0, z: 0, w: 0}
  - {x: 0, y: 0, z: 0, w: 0}
  - {x: 0, y: 0, z: 0, w: 0}
  - {x: 0, y: 0, z: 0, w: 0}
  - {x: 0, y: 0, z: 0, w: 0}
  - {x: 0, y: 0, z: 0, w: 0}
  - {x: 0, y: 0, z: 0, w: 0}
  - {x: 0, y: 0, z: 0, w: 0}
  - {x: 0, y: 0, z: 0, w: 0}
  - {x: 0, y: 0, z: 0, w: 0}
  - {x: 0, y: 0, z: 0, w: 0}
  - {x: 0, y: 0, z: 0, w: 0}
  - {x: 0, y: 0, z: 0, w: 0}
  - {x: 0, y: 0, z: 0, w: 0}
  - {x: 0, y: 0, z: 0, w: 0}
  - {x: 0, y: 0, z: 0, w: 0}
  - {x: 0, y: 0, z: 0, w: 0}
  - {x: 0, y: 0, z: 0, w: 0}
  - {x: 0, y: 0, z: 0, w: 0}
  - {x: 0, y: 0, z: 0, w: 0}
  - {x: 0, y: 0, z: 0, w: 0}
  - {x: 0, y: 0, z: 0, w: 0}
  - {x: 0, y: 0, z: 0, w: 0}
  - {x: 0, y: 0, z: 0, w: 0}
  - {x: 0, y: 0, z: 0, w: 0}
  - {x: 0, y: 0, z: 0, w: 0}
  - {x: 0, y: 0, z: 0, w: 0}
  - {x: 0, y: 0, z: 0, w: 0}
  - {x: 0, y: 0, z: 0, w: 0}
  - {x: 0, y: 0, z: 0, w: 0}
  - {x: 0, y: 0, z: 0, w: 0}
  - {x: 0, y: 0, z: 0, w: 0}
  - {x: 0, y: 0, z: 0, w: 0}
  - {x: 0, y: 0, z: 0, w: 0}
  - {x: 0, y: 0, z: 0, w: 0}
  - {x: 0, y: 0, z: 0, w: 0}
  - {x: 0, y: 0, z: 0, w: 0}
  - {x: 0, y: 0, z: 0, w: 0}
  - {x: 0, y: 0, z: 0, w: 0}
  - {x: 0, y: 0, z: 0, w: 0}
  - {x: 0, y: 0, z: 0, w: 0}
  - {x: 0, y: 0, z: 0, w: 0}
  - {x: 0, y: 0, z: 0, w: 0}
  - {x: 0, y: 0, z: 0, w: 0}
  - {x: 0, y: 0, z: 0, w: 0}
  - {x: 0, y: 0, z: 0, w: 0}
  - {x: 0, y: 0, z: 0, w: 0}
  - {x: 0, y: 0, z: 0, w: 0}
  - {x: 0, y: 0, z: 0, w: 0}
  - {x: 0, y: 0, z: 0, w: 0}
  - {x: 0, y: 0, z: 0, w: 0}
  - {x: 0, y: 0, z: 0, w: 0}
  - {x: 0, y: 0, z: 0, w: 0}
  - {x: 0, y: 0, z: 0, w: 0}
  - {x: 0, y: 0, z: 0, w: 0}
  - {x: 0, y: 0, z: 0, w: 0}
  - {x: 0, y: 0, z: 0, w: 0}
  - {x: 0, y: 0, z: 0, w: 0}
  - {x: 0, y: 0, z: 0, w: 0}
  - {x: 0, y: 0, z: 0, w: 0}
  - {x: 0, y: 0, z: 0, w: 0}
  - {x: 0, y: 0, z: 0, w: 0}
  - {x: 0, y: 0, z: 0, w: 0}
  - {x: 0, y: 0, z: 0, w: 0}
  - {x: 0, y: 0, z: 0, w: 0}
  - {x: 0, y: 0, z: 0, w: 0}
  - {x: 0, y: 0, z: 0, w: 0}
  - {x: 0, y: 0, z: 0, w: 0}
  - {x: 0, y: 0, z: 0, w: 0}
  - {x: 0, y: 0, z: 0, w: 0}
  - {x: 0, y: 0, z: 0, w: 0}
  - {x: 0, y: 0, z: 0, w: 0}
  - {x: 0, y: 0, z: 0, w: 0}
  - {x: 0, y: 0, z: 0, w: 0}
  - {x: 0, y: 0, z: 0, w: 0}
  - {x: 0, y: 0, z: 0, w: 0}
  - {x: 0, y: 0, z: 0, w: 0}
  - {x: 0, y: 0, z: 0, w: 0}
  - {x: 0, y: 0, z: 0, w: 0}
  - {x: 0, y: 0, z: 0, w: 0}
  - {x: 0, y: 0, z: 0, w: 0}
  - {x: 0, y: 0, z: 0, w: 0}
  - {x: 0, y: 0, z: 0, w: 0}
  - {x: 0, y: 0, z: 0, w: 0}
  - {x: 0, y: 0, z: 0, w: 0}
  - {x: 0, y: 0, z: 0, w: 0}
  - {x: 0, y: 0, z: 0, w: 0}
  - {x: 0, y: 0, z: 0, w: 0}
  - {x: 0, y: 0, z: 0, w: 0}
  - {x: 0, y: 0, z: 0, w: 0}
  - {x: 0, y: 0, z: 0, w: 0}
  - {x: 0, y: 0, z: 0, w: 0}
  - {x: 0, y: 0, z: 0, w: 0}
  - {x: 0, y: 0, z: 0, w: 0}
  - {x: 0, y: 0, z: 0, w: 0}
  - {x: 0, y: 0, z: 0, w: 0}
  - {x: 0, y: 0, z: 0, w: 0}
  - {x: 0, y: 0, z: 0, w: 0}
  - {x: 0, y: 0, z: 0, w: 0}
  - {x: 0, y: 0, z: 0, w: 0}
  - {x: 0, y: 0, z: 0, w: 0}
  - {x: 0, y: 0, z: 0, w: 0}
  - {x: 0, y: 0, z: 0, w: 0}
  - {x: 0, y: 0, z: 0, w: 0}
  - {x: 0, y: 0, z: 0, w: 0}
  - {x: 0, y: 0, z: 0, w: 0}
  - {x: 0, y: 0, z: 0, w: 0}
  - {x: 0, y: 0, z: 0, w: 0}
  - {x: 0, y: 0, z: 0, w: 0}
  - {x: 0, y: 0, z: 0, w: 0}
  - {x: 0, y: 0, z: 0, w: 0}
  - {x: 0, y: 0, z: 0, w: 0}
  - {x: 0, y: 0, z: 0, w: 0}
  - {x: 0, y: 0, z: 0, w: 0}
  - {x: 0, y: 0, z: 0, w: 0}
  - {x: 0, y: 0, z: 0, w: 0}
  - {x: 0, y: 0, z: 0, w: 0}
  - {x: 0, y: 0, z: 0, w: 0}
  - {x: 0, y: 0, z: 0, w: 0}
  - {x: 0, y: 0, z: 0, w: 0}
  - {x: 0, y: 0, z: 0, w: 0}
  - {x: 0, y: 0, z: 0, w: 0}
  - {x: 0, y: 0, z: 0, w: 0}
  - {x: 0, y: 0, z: 0, w: 0}
  - {x: 0, y: 0, z: 0, w: 0}
  - {x: 0, y: 0, z: 0, w: 0}
  - {x: 0, y: 0, z: 0, w: 0}
  - {x: 0, y: 0, z: 0, w: 0}
  - {x: 0, y: 0, z: 0, w: 0}
  - {x: 0, y: 0, z: 0, w: 0}
  - {x: 0, y: 0, z: 0, w: 0}
  - {x: 0, y: 0, z: 0, w: 0}
  - {x: 0, y: 0, z: 0, w: 0}
  - {x: 0, y: 0, z: 0, w: 0}
  - {x: 0, y: 0, z: 0, w: 0}
  - {x: 0, y: 0, z: 0, w: 0}
  - {x: 0, y: 0, z: 0, w: 0}
  - {x: 0, y: 0, z: 0, w: 0}
  - {x: 0, y: 0, z: 0, w: 0}
  - {x: 0, y: 0, z: 0, w: 0}
  - {x: 0, y: 0, z: 0, w: 0}
  - {x: 0, y: 0, z: 0, w: 0}
  - {x: 0, y: 0, z: 0, w: 0}
  - {x: 0, y: 0, z: 0, w: 0}
  - {x: 0, y: 0, z: 0, w: 0}
  - {x: 0, y: 0, z: 0, w: 0}
  - {x: 0, y: 0, z: 0, w: 0}
  - {x: 0, y: 0, z: 0, w: 0}
  - {x: 0, y: 0, z: 0, w: 0}
  - {x: 0, y: 0, z: 0, w: 0}
  - {x: 0, y: 0, z: 0, w: 0}
  - {x: 0, y: 0, z: 0, w: 0}
  - {x: 0, y: 0, z: 0, w: 0}
  - {x: 0, y: 0, z: 0, w: 0}
  - {x: 0, y: 0, z: 0, w: 0}
  - {x: 0, y: 0, z: 0, w: 0}
  - {x: 0, y: 0, z: 0, w: 0}
  - {x: 0, y: 0, z: 0, w: 0}
  - {x: 0, y: 0, z: 0, w: 0}
  - {x: 0, y: 0, z: 0, w: 0}
  - {x: 0, y: 0, z: 0, w: 0}
  - {x: 0, y: 0, z: 0, w: 0}
  - {x: 0, y: 0, z: 0, w: 0}
  - {x: 0, y: 0, z: 0, w: 0}
  - {x: 0, y: 0, z: 0, w: 0}
  - {x: 0, y: 0, z: 0, w: 0}
  - {x: 0, y: 0, z: 0, w: 0}
  - {x: 0, y: 0, z: 0, w: 0}
  - {x: 0, y: 0, z: 0, w: 0}
  - {x: 0, y: 0, z: 0, w: 0}
  - {x: 0, y: 0, z: 0, w: 0}
  - {x: 0, y: 0, z: 0, w: 0}
  - {x: 0, y: 0, z: 0, w: 0}
  - {x: 0, y: 0, z: 0, w: 0}
  - {x: 0, y: 0, z: 0, w: 0}
  - {x: 0, y: 0, z: 0, w: 0}
  - {x: 0, y: 0, z: 0, w: 0}
  - {x: 0, y: 0, z: 0, w: 0}
  - {x: 0, y: 0, z: 0, w: 0}
  - {x: 0, y: 0, z: 0, w: 0}
  - {x: 0, y: 0, z: 0, w: 0}
  - {x: 0, y: 0, z: 0, w: 0}
  - {x: 0, y: 0, z: 0, w: 0}
  - {x: 0, y: 0, z: 0, w: 0}
  - {x: 0, y: 0, z: 0, w: 0}
  - {x: 0, y: 0, z: 0, w: 0}
  - {x: 0, y: 0, z: 0, w: 0}
  - {x: 0, y: 0, z: 0, w: 0}
  - {x: 0, y: 0, z: 0, w: 0}
  - {x: 0, y: 0, z: 0, w: 0}
  - {x: 0, y: 0, z: 0, w: 0}
  - {x: 0, y: 0, z: 0, w: 0}
  - {x: 0, y: 0, z: 0, w: 0}
  - {x: 0, y: 0, z: 0, w: 0}
  - {x: 0, y: 0, z: 0, w: 0}
  - {x: 0, y: 0, z: 0, w: 0}
  - {x: 0, y: 0, z: 0, w: 0}
  - {x: 0, y: 0, z: 0, w: 0}
  - {x: 0, y: 0, z: 0, w: 0}
  - {x: 0, y: 0, z: 0, w: 0}
  - {x: 0, y: 0, z: 0, w: 0}
  - {x: 0, y: 0, z: 0, w: 0}
  - {x: 0, y: 0, z: 0, w: 0}
  - {x: 0, y: 0, z: 0, w: 0}
  - {x: 0, y: 0, z: 0, w: 0}
  - {x: 0, y: 0, z: 0, w: 0}
  - {x: 0, y: 0, z: 0, w: 0}
  m_Textures3:
  - {x: 0, y: 0, z: 0, w: 0}
  - {x: 0, y: 0, z: 0, w: 0}
  - {x: 0, y: 0, z: 0, w: 0}
  - {x: 0, y: 0, z: 0, w: 0}
  - {x: 0, y: 0, z: 0, w: 0}
  - {x: 0, y: 0, z: 0, w: 0}
  - {x: 0, y: 0, z: 0, w: 0}
  - {x: 0, y: 0, z: 0, w: 0}
  - {x: 0, y: 0, z: 0, w: 0}
  - {x: 0, y: 0, z: 0, w: 0}
  - {x: 0, y: 0, z: 0, w: 0}
  - {x: 0, y: 0, z: 0, w: 0}
  - {x: 0, y: 0, z: 0, w: 0}
  - {x: 0, y: 0, z: 0, w: 0}
  - {x: 0, y: 0, z: 0, w: 0}
  - {x: 0, y: 0, z: 0, w: 0}
  - {x: 0, y: 0, z: 0, w: 0}
  - {x: 0, y: 0, z: 0, w: 0}
  - {x: 0, y: 0, z: 0, w: 0}
  - {x: 0, y: 0, z: 0, w: 0}
  - {x: 0, y: 0, z: 0, w: 0}
  - {x: 0, y: 0, z: 0, w: 0}
  - {x: 0, y: 0, z: 0, w: 0}
  - {x: 0, y: 0, z: 0, w: 0}
  - {x: 0, y: 0, z: 0, w: 0}
  - {x: 0, y: 0, z: 0, w: 0}
  - {x: 0, y: 0, z: 0, w: 0}
  - {x: 0, y: 0, z: 0, w: 0}
  - {x: 0, y: 0, z: 0, w: 0}
  - {x: 0, y: 0, z: 0, w: 0}
  - {x: 0, y: 0, z: 0, w: 0}
  - {x: 0, y: 0, z: 0, w: 0}
  - {x: 0, y: 0, z: 0, w: 0}
  - {x: 0, y: 0, z: 0, w: 0}
  - {x: 0, y: 0, z: 0, w: 0}
  - {x: 0, y: 0, z: 0, w: 0}
  - {x: 0, y: 0, z: 0, w: 0}
  - {x: 0, y: 0, z: 0, w: 0}
  - {x: 0, y: 0, z: 0, w: 0}
  - {x: 0, y: 0, z: 0, w: 0}
  - {x: 0, y: 0, z: 0, w: 0}
  - {x: 0, y: 0, z: 0, w: 0}
  - {x: 0, y: 0, z: 0, w: 0}
  - {x: 0, y: 0, z: 0, w: 0}
  - {x: 0, y: 0, z: 0, w: 0}
  - {x: 0, y: 0, z: 0, w: 0}
  - {x: 0, y: 0, z: 0, w: 0}
  - {x: 0, y: 0, z: 0, w: 0}
  - {x: 0, y: 0, z: 0, w: 0}
  - {x: 0, y: 0, z: 0, w: 0}
  - {x: 0, y: 0, z: 0, w: 0}
  - {x: 0, y: 0, z: 0, w: 0}
  - {x: 0, y: 0, z: 0, w: 0}
  - {x: 0, y: 0, z: 0, w: 0}
  - {x: 0, y: 0, z: 0, w: 0}
  - {x: 0, y: 0, z: 0, w: 0}
  - {x: 0, y: 0, z: 0, w: 0}
  - {x: 0, y: 0, z: 0, w: 0}
  - {x: 0, y: 0, z: 0, w: 0}
  - {x: 0, y: 0, z: 0, w: 0}
  - {x: 0, y: 0, z: 0, w: 0}
  - {x: 0, y: 0, z: 0, w: 0}
  - {x: 0, y: 0, z: 0, w: 0}
  - {x: 0, y: 0, z: 0, w: 0}
  - {x: 0, y: 0, z: 0, w: 0}
  - {x: 0, y: 0, z: 0, w: 0}
  - {x: 0, y: 0, z: 0, w: 0}
  - {x: 0, y: 0, z: 0, w: 0}
  - {x: 0, y: 0, z: 0, w: 0}
  - {x: 0, y: 0, z: 0, w: 0}
  - {x: 0, y: 0, z: 0, w: 0}
  - {x: 0, y: 0, z: 0, w: 0}
  - {x: 0, y: 0, z: 0, w: 0}
  - {x: 0, y: 0, z: 0, w: 0}
  - {x: 0, y: 0, z: 0, w: 0}
  - {x: 0, y: 0, z: 0, w: 0}
  - {x: 0, y: 0, z: 0, w: 0}
  - {x: 0, y: 0, z: 0, w: 0}
  - {x: 0, y: 0, z: 0, w: 0}
  - {x: 0, y: 0, z: 0, w: 0}
  - {x: 0, y: 0, z: 0, w: 0}
  - {x: 0, y: 0, z: 0, w: 0}
  - {x: 0, y: 0, z: 0, w: 0}
  - {x: 0, y: 0, z: 0, w: 0}
  - {x: 0, y: 0, z: 0, w: 0}
  - {x: 0, y: 0, z: 0, w: 0}
  - {x: 0, y: 0, z: 0, w: 0}
  - {x: 0, y: 0, z: 0, w: 0}
  - {x: 0, y: 0, z: 0, w: 0}
  - {x: 0, y: 0, z: 0, w: 0}
  - {x: 0, y: 0, z: 0, w: 0}
  - {x: 0, y: 0, z: 0, w: 0}
  - {x: 0, y: 0, z: 0, w: 0}
  - {x: 0, y: 0, z: 0, w: 0}
  - {x: 0, y: 0, z: 0, w: 0}
  - {x: 0, y: 0, z: 0, w: 0}
  - {x: 0, y: 0, z: 0, w: 0}
  - {x: 0, y: 0, z: 0, w: 0}
  - {x: 0, y: 0, z: 0, w: 0}
  - {x: 0, y: 0, z: 0, w: 0}
  - {x: 0, y: 0, z: 0, w: 0}
  - {x: 0, y: 0, z: 0, w: 0}
  - {x: 0, y: 0, z: 0, w: 0}
  - {x: 0, y: 0, z: 0, w: 0}
  - {x: 0, y: 0, z: 0, w: 0}
  - {x: 0, y: 0, z: 0, w: 0}
  - {x: 0, y: 0, z: 0, w: 0}
  - {x: 0, y: 0, z: 0, w: 0}
  - {x: 0, y: 0, z: 0, w: 0}
  - {x: 0, y: 0, z: 0, w: 0}
  - {x: 0, y: 0, z: 0, w: 0}
  - {x: 0, y: 0, z: 0, w: 0}
  - {x: 0, y: 0, z: 0, w: 0}
  - {x: 0, y: 0, z: 0, w: 0}
  - {x: 0, y: 0, z: 0, w: 0}
  - {x: 0, y: 0, z: 0, w: 0}
  - {x: 0, y: 0, z: 0, w: 0}
  - {x: 0, y: 0, z: 0, w: 0}
  - {x: 0, y: 0, z: 0, w: 0}
  - {x: 0, y: 0, z: 0, w: 0}
  - {x: 0, y: 0, z: 0, w: 0}
  - {x: 0, y: 0, z: 0, w: 0}
  - {x: 0, y: 0, z: 0, w: 0}
  - {x: 0, y: 0, z: 0, w: 0}
  - {x: 0, y: 0, z: 0, w: 0}
  - {x: 0, y: 0, z: 0, w: 0}
  - {x: 0, y: 0, z: 0, w: 0}
  - {x: 0, y: 0, z: 0, w: 0}
  - {x: 0, y: 0, z: 0, w: 0}
  - {x: 0, y: 0, z: 0, w: 0}
  - {x: 0, y: 0, z: 0, w: 0}
  - {x: 0, y: 0, z: 0, w: 0}
  - {x: 0, y: 0, z: 0, w: 0}
  - {x: 0, y: 0, z: 0, w: 0}
  - {x: 0, y: 0, z: 0, w: 0}
  - {x: 0, y: 0, z: 0, w: 0}
  - {x: 0, y: 0, z: 0, w: 0}
  - {x: 0, y: 0, z: 0, w: 0}
  - {x: 0, y: 0, z: 0, w: 0}
  - {x: 0, y: 0, z: 0, w: 0}
  - {x: 0, y: 0, z: 0, w: 0}
  - {x: 0, y: 0, z: 0, w: 0}
  - {x: 0, y: 0, z: 0, w: 0}
  - {x: 0, y: 0, z: 0, w: 0}
  - {x: 0, y: 0, z: 0, w: 0}
  - {x: 0, y: 0, z: 0, w: 0}
  - {x: 0, y: 0, z: 0, w: 0}
  - {x: 0, y: 0, z: 0, w: 0}
  - {x: 0, y: 0, z: 0, w: 0}
  - {x: 0, y: 0, z: 0, w: 0}
  - {x: 0, y: 0, z: 0, w: 0}
  - {x: 0, y: 0, z: 0, w: 0}
  - {x: 0, y: 0, z: 0, w: 0}
  - {x: 0, y: 0, z: 0, w: 0}
  - {x: 0, y: 0, z: 0, w: 0}
  - {x: 0, y: 0, z: 0, w: 0}
  - {x: 0, y: 0, z: 0, w: 0}
  - {x: 0, y: 0, z: 0, w: 0}
  - {x: 0, y: 0, z: 0, w: 0}
  - {x: 0, y: 0, z: 0, w: 0}
  - {x: 0, y: 0, z: 0, w: 0}
  - {x: 0, y: 0, z: 0, w: 0}
  - {x: 0, y: 0, z: 0, w: 0}
  - {x: 0, y: 0, z: 0, w: 0}
  - {x: 0, y: 0, z: 0, w: 0}
  - {x: 0, y: 0, z: 0, w: 0}
  - {x: 0, y: 0, z: 0, w: 0}
  - {x: 0, y: 0, z: 0, w: 0}
  - {x: 0, y: 0, z: 0, w: 0}
  - {x: 0, y: 0, z: 0, w: 0}
  - {x: 0, y: 0, z: 0, w: 0}
  - {x: 0, y: 0, z: 0, w: 0}
  - {x: 0, y: 0, z: 0, w: 0}
  - {x: 0, y: 0, z: 0, w: 0}
  - {x: 0, y: 0, z: 0, w: 0}
  - {x: 0, y: 0, z: 0, w: 0}
  - {x: 0, y: 0, z: 0, w: 0}
  - {x: 0, y: 0, z: 0, w: 0}
  - {x: 0, y: 0, z: 0, w: 0}
  - {x: 0, y: 0, z: 0, w: 0}
  - {x: 0, y: 0, z: 0, w: 0}
  - {x: 0, y: 0, z: 0, w: 0}
  - {x: 0, y: 0, z: 0, w: 0}
  - {x: 0, y: 0, z: 0, w: 0}
  - {x: 0, y: 0, z: 0, w: 0}
  - {x: 0, y: 0, z: 0, w: 0}
  - {x: 0, y: 0, z: 0, w: 0}
  - {x: 0, y: 0, z: 0, w: 0}
  - {x: 0, y: 0, z: 0, w: 0}
  - {x: 0, y: 0, z: 0, w: 0}
  - {x: 0, y: 0, z: 0, w: 0}
  - {x: 0, y: 0, z: 0, w: 0}
  - {x: 0, y: 0, z: 0, w: 0}
  - {x: 0, y: 0, z: 0, w: 0}
  - {x: 0, y: 0, z: 0, w: 0}
  - {x: 0, y: 0, z: 0, w: 0}
  - {x: 0, y: 0, z: 0, w: 0}
  - {x: 0, y: 0, z: 0, w: 0}
  - {x: 0, y: 0, z: 0, w: 0}
  - {x: 0, y: 0, z: 0, w: 0}
  - {x: 0, y: 0, z: 0, w: 0}
  - {x: 0, y: 0, z: 0, w: 0}
  - {x: 0, y: 0, z: 0, w: 0}
  - {x: 0, y: 0, z: 0, w: 0}
  - {x: 0, y: 0, z: 0, w: 0}
  - {x: 0, y: 0, z: 0, w: 0}
  - {x: 0, y: 0, z: 0, w: 0}
  - {x: 0, y: 0, z: 0, w: 0}
  - {x: 0, y: 0, z: 0, w: 0}
  - {x: 0, y: 0, z: 0, w: 0}
  - {x: 0, y: 0, z: 0, w: 0}
  - {x: 0, y: 0, z: 0, w: 0}
  - {x: 0, y: 0, z: 0, w: 0}
  - {x: 0, y: 0, z: 0, w: 0}
  - {x: 0, y: 0, z: 0, w: 0}
  - {x: 0, y: 0, z: 0, w: 0}
  - {x: 0, y: 0, z: 0, w: 0}
  - {x: 0, y: 0, z: 0, w: 0}
  - {x: 0, y: 0, z: 0, w: 0}
  - {x: 0, y: 0, z: 0, w: 0}
  - {x: 0, y: 0, z: 0, w: 0}
  - {x: 0, y: 0, z: 0, w: 0}
  - {x: 0, y: 0, z: 0, w: 0}
  - {x: 0, y: 0, z: 0, w: 0}
  - {x: 0, y: 0, z: 0, w: 0}
  - {x: 0, y: 0, z: 0, w: 0}
  - {x: 0, y: 0, z: 0, w: 0}
  - {x: 0, y: 0, z: 0, w: 0}
  - {x: 0, y: 0, z: 0, w: 0}
  - {x: 0, y: 0, z: 0, w: 0}
  - {x: 0, y: 0, z: 0, w: 0}
  - {x: 0, y: 0, z: 0, w: 0}
  - {x: 0, y: 0, z: 0, w: 0}
  - {x: 0, y: 0, z: 0, w: 0}
  - {x: 0, y: 0, z: 0, w: 0}
  - {x: 0, y: 0, z: 0, w: 0}
  - {x: 0, y: 0, z: 0, w: 0}
  - {x: 0, y: 0, z: 0, w: 0}
  - {x: 0, y: 0, z: 0, w: 0}
  - {x: 0, y: 0, z: 0, w: 0}
  - {x: 0, y: 0, z: 0, w: 0}
  - {x: 0, y: 0, z: 0, w: 0}
  - {x: 0, y: 0, z: 0, w: 0}
  - {x: 0, y: 0, z: 0, w: 0}
  - {x: 0, y: 0, z: 0, w: 0}
  - {x: 0, y: 0, z: 0, w: 0}
  - {x: 0, y: 0, z: 0, w: 0}
  - {x: 0, y: 0, z: 0, w: 0}
  - {x: 0, y: 0, z: 0, w: 0}
  - {x: 0, y: 0, z: 0, w: 0}
  - {x: 0, y: 0, z: 0, w: 0}
  - {x: 0, y: 0, z: 0, w: 0}
  - {x: 0, y: 0, z: 0, w: 0}
  - {x: 0, y: 0, z: 0, w: 0}
  - {x: 0, y: 0, z: 0, w: 0}
  - {x: 0, y: 0, z: 0, w: 0}
  - {x: 0, y: 0, z: 0, w: 0}
  - {x: 0, y: 0, z: 0, w: 0}
  m_Tangents:
  - {x: 1, y: 0, z: 0, w: -1}
  - {x: 1, y: 0, z: 0, w: -1}
  - {x: 1, y: 0, z: 0, w: -1}
  - {x: 1, y: 0, z: 0, w: -1}
  - {x: 1, y: 0, z: 0, w: -1}
  - {x: 1, y: 0, z: 0, w: -1}
  - {x: 1, y: 0, z: 0, w: -1}
  - {x: 1, y: 0, z: 0, w: -1}
  - {x: 1, y: 0, z: 0, w: -1}
  - {x: 1, y: 0, z: 0, w: -1}
  - {x: 1, y: 0, z: 0, w: -1}
  - {x: 1, y: 0, z: 0, w: -1}
  - {x: 1, y: 0, z: 0, w: -1}
  - {x: 1, y: 0, z: 0, w: -1}
  - {x: 1, y: 0, z: 0, w: -1}
  - {x: 1, y: 0, z: 0, w: -1}
  - {x: 1, y: 0, z: 0, w: -1}
  - {x: 1, y: 0, z: 0, w: -1}
  - {x: 1, y: 0, z: 0.000001144426, w: -1}
  - {x: 1, y: 0, z: 0.000001144426, w: -1}
  - {x: 1, y: 0, z: 0.000001144426, w: -1}
  - {x: 1, y: 0, z: 0.0000012970168, w: -1}
  - {x: 1, y: 0, z: 0.0000012970168, w: -1}
  - {x: 1, y: 0, z: 0.0000012970168, w: -1}
  - {x: 1, y: 0, z: 0.0000012970168, w: -1}
  - {x: 1, y: 0, z: 0.0000012970168, w: -1}
  - {x: 1, y: 0, z: 0.0000012970168, w: -1}
  - {x: 1, y: 0, z: 0.0000015258972, w: -1}
  - {x: 1, y: 0, z: 0.0000015258972, w: -1}
  - {x: 1, y: 0, z: 0.0000015258972, w: -1}
  - {x: 1, y: 0, z: 0.0000015258972, w: -1}
  - {x: 1, y: 0, z: 0.0000015258972, w: -1}
  - {x: 1, y: 0, z: 0.0000015258972, w: -1}
  - {x: 1, y: 0, z: -0.000000030272588, w: -1}
  - {x: 1, y: 0, z: -0.000000030272588, w: -1}
  - {x: 1, y: 0, z: -0.000000030272588, w: -1}
  - {x: 1, y: 0, z: 0, w: -1}
  - {x: 1, y: 0, z: 0, w: -1}
  - {x: 1, y: 0, z: 0, w: -1}
  - {x: 1, y: 0, z: -0.0000013732875, w: -1}
  - {x: 1, y: 0, z: -0.0000013732875, w: -1}
  - {x: 1, y: 0, z: -0.0000013732875, w: -1}
  - {x: 1, y: 0, z: -0.0000013732875, w: -1}
  - {x: 1, y: 0, z: -0.0000013732875, w: -1}
  - {x: 1, y: 0, z: -0.0000013732875, w: -1}
  - {x: 1, y: 0, z: -0.0000011737391, w: -1}
  - {x: 1, y: 0, z: -0.0000011737391, w: -1}
  - {x: 1, y: 0, z: -0.0000011737391, w: -1}
  - {x: 1, y: 0, z: -0.0000009155146, w: -1}
  - {x: 1, y: 0, z: -0.0000009155146, w: -1}
  - {x: 1, y: 0, z: -0.0000009155146, w: -1}
  - {x: 1, y: 0, z: -0.0000007629103, w: -1}
  - {x: 1, y: 0, z: -0.0000007629103, w: -1}
  - {x: 1, y: 0, z: -0.0000007629103, w: -1}
  - {x: 1, y: 0, z: -0.0000010239418, w: -1}
  - {x: 1, y: 0, z: -0.0000010239418, w: -1}
  - {x: 1, y: 0, z: -0.0000010239418, w: -1}
  - {x: 1, y: 0, z: -0.00000022888375, w: -1}
  - {x: 1, y: 0, z: -0.00000022888375, w: -1}
  - {x: 1, y: 0, z: -0.00000022888375, w: -1}
  - {x: 1, y: 0, z: 0.00000014305228, w: -1}
  - {x: 1, y: 0, z: 0.00000014305228, w: -1}
  - {x: 1, y: 0, z: 0.00000014305228, w: -1}
  - {x: 1, y: 0, z: -0.00000009536819, w: -1}
  - {x: 1, y: 0, z: -0.00000009536819, w: -1}
  - {x: 1, y: 0, z: -0.00000009536819, w: -1}
  - {x: 1, y: 0, z: 0, w: -1}
  - {x: 1, y: 0, z: 0, w: -1}
  - {x: 1, y: 0, z: 0, w: -1}
  - {x: 1, y: 0, z: -0.0000002145785, w: -1}
  - {x: 1, y: 0, z: -0.0000002145785, w: -1}
  - {x: 1, y: 0, z: -0.0000002145785, w: -1}
  - {x: 1, y: 0, z: 0.00000021586989, w: -1}
  - {x: 1, y: 0, z: 0.00000021586989, w: -1}
  - {x: 1, y: 0, z: 0.00000021586989, w: -1}
  - {x: 1, y: 0, z: 0.00000011447124, w: -1}
  - {x: 1, y: 0, z: 0.00000011447124, w: -1}
  - {x: 1, y: 0, z: 0.00000011447124, w: -1}
  - {x: 1, y: 0, z: 0.000000114471234, w: -1}
  - {x: 1, y: 0, z: 0.000000114471234, w: -1}
  - {x: 1, y: 0, z: 0.000000114471234, w: -1}
  - {x: 1, y: 0, z: 0, w: -1}
  - {x: 1, y: 0, z: 0, w: -1}
  - {x: 1, y: 0, z: 0, w: -1}
  - {x: 1, y: 0, z: -0.00000012689861, w: -1}
  - {x: 1, y: 0, z: -0.00000012689861, w: -1}
  - {x: 1, y: 0, z: -0.00000012689861, w: -1}
  - {x: 1, y: 0, z: 0.00000021936675, w: -1}
  - {x: 1, y: 0, z: 0.00000021936675, w: -1}
  - {x: 1, y: 0, z: 0.00000021936675, w: -1}
  - {x: 1, y: 0, z: 0.000000019093362, w: -1}
  - {x: 1, y: 0, z: 0.000000019093362, w: -1}
  - {x: 1, y: 0, z: 0.000000019093362, w: -1}
  - {x: 1, y: 0, z: -0.0000006485075, w: -1}
  - {x: 1, y: 0, z: -0.0000006485075, w: -1}
  - {x: 1, y: 0, z: -0.0000006485075, w: -1}
  - {x: 1, y: 0, z: 0.0000016212666, w: -1}
  - {x: 1, y: 0, z: 0.0000016212666, w: -1}
  - {x: 1, y: 0, z: 0.0000016212666, w: -1}
  - {x: 1, y: 0, z: 0, w: -1}
  - {x: 1, y: 0, z: 0, w: -1}
  - {x: 1, y: 0, z: 0, w: -1}
  - {x: 1, y: 0, z: 0, w: -1}
  - {x: 1, y: 0, z: 0, w: -1}
  - {x: 1, y: 0, z: 0, w: -1}
  - {x: 1, y: 0, z: -0.00000017881543, w: -1}
  - {x: 1, y: 0, z: -0.00000017881543, w: -1}
  - {x: 1, y: 0, z: -0.00000017881543, w: -1}
  - {x: 1, y: 0, z: 0.000000090348834, w: -1}
  - {x: 1, y: 0, z: 0.000000090348834, w: -1}
  - {x: 1, y: 0, z: 0.000000090348834, w: -1}
  - {x: 1, y: 0, z: 0, w: -1}
  - {x: 1, y: 0, z: 0, w: -1}
  - {x: 1, y: 0, z: 0, w: -1}
  - {x: 1, y: 0, z: 0.00000014305229, w: -1}
  - {x: 1, y: 0, z: 0.00000014305229, w: -1}
  - {x: 1, y: 0, z: 0.00000014305229, w: -1}
  - {x: 1, y: 0, z: 0.00000022888376, w: -1}
  - {x: 1, y: 0, z: 0.00000022888376, w: -1}
  - {x: 1, y: 0, z: 0.00000022888376, w: -1}
  - {x: 1, y: 0, z: -0.0000000953682, w: -1}
  - {x: 1, y: 0, z: -0.0000000953682, w: -1}
  - {x: 1, y: 0, z: -0.0000000953682, w: -1}
  - {x: 1, y: 0, z: 0.0000011444179, w: -1}
  - {x: 1, y: 0, z: 0.0000011444179, w: -1}
  - {x: 1, y: 0, z: 0.0000011444179, w: -1}
  - {x: 1, y: 0, z: -0.000000102184906, w: -1}
  - {x: 1, y: 0, z: -0.000000102184906, w: -1}
  - {x: 1, y: 0, z: -0.000000102184906, w: -1}
  - {x: 1, y: 0, z: -0.00000015364036, w: -1}
  - {x: 1, y: 0, z: -0.00000015364036, w: -1}
  - {x: 1, y: 0, z: -0.00000015364036, w: -1}
  - {x: 1, y: 0, z: 0.00000022649328, w: -1}
  - {x: 1, y: 0, z: 0.00000022649328, w: -1}
  - {x: 1, y: 0, z: 0.00000022649328, w: -1}
  - {x: 1, y: 0, z: -0.00000012715657, w: -1}
  - {x: 1, y: 0, z: -0.00000012715657, w: -1}
  - {x: 1, y: 0, z: -0.00000012715657, w: -1}
  - {x: 1, y: 0, z: -0.0000001268981, w: -1}
  - {x: 1, y: 0, z: -0.0000001268981, w: -1}
  - {x: 1, y: 0, z: -0.0000001268981, w: -1}
  - {x: 1, y: 0, z: -0.0000000036105625, w: -1}
  - {x: 1, y: 0, z: -0.0000000036105625, w: -1}
  - {x: 1, y: 0, z: -0.0000000036105625, w: -1}
  - {x: 1, y: 0, z: 0.0000016212666, w: -1}
  - {x: 1, y: 0, z: 0.0000016212666, w: -1}
  - {x: 1, y: 0, z: 0.0000016212666, w: -1}
  - {x: 1, y: 0, z: 0, w: -1}
  - {x: 1, y: 0, z: 0, w: -1}
  - {x: 1, y: 0, z: 0, w: -1}
  - {x: 1, y: 0, z: -0.00000014304706, w: -1}
  - {x: 1, y: 0, z: -0.00000014304706, w: -1}
  - {x: 1, y: 0, z: -0.00000014304706, w: -1}
  - {x: 1, y: 0, z: -0.00000012715336, w: -1}
  - {x: 1, y: 0, z: -0.00000012715336, w: -1}
  - {x: 1, y: 0, z: -0.00000012715336, w: -1}
  - {x: 1, y: 0, z: -0.00000048507457, w: -1}
  - {x: 1, y: 0, z: -0.00000048507457, w: -1}
  - {x: 1, y: 0, z: -0.00000048507457, w: -1}
  - {x: 1, y: 0, z: -0.00000008828555, w: -1}
  - {x: 1, y: 0, z: -0.00000008828555, w: -1}
  - {x: 1, y: 0, z: -0.00000008828555, w: -1}
  - {x: 1, y: 0, z: 0.0000008900993, w: -1}
  - {x: 1, y: 0, z: 0.0000008900993, w: -1}
  - {x: 1, y: 0, z: 0.0000008900993, w: -1}
  - {x: 1, y: 0, z: 0, w: -1}
  - {x: 1, y: 0, z: 0, w: -1}
  - {x: 1, y: 0, z: 0, w: -1}
  - {x: 1, y: 0, z: -0.0000000302714, w: -1}
  - {x: 1, y: 0, z: -0.0000000302714, w: -1}
  - {x: 1, y: 0, z: -0.0000000302714, w: -1}
  - {x: 1, y: 0, z: 0.000000028051375, w: -1}
  - {x: 1, y: 0, z: 0.000000028051375, w: -1}
  - {x: 1, y: 0, z: 0.000000028051375, w: -1}
  - {x: 1, y: 0, z: -0.00000027248285, w: -1}
  - {x: 1, y: 0, z: -0.00000027248285, w: -1}
  - {x: 1, y: 0, z: -0.00000027248285, w: -1}
  - {x: 1, y: 0, z: 0, w: -1}
  - {x: 1, y: 0, z: 0, w: -1}
  - {x: 1, y: 0, z: 0, w: -1}
  - {x: 1, y: 0, z: 0.00000028609668, w: -1}
  - {x: 1, y: 0, z: 0.00000028609668, w: -1}
  - {x: 1, y: 0, z: 0.00000028609668, w: -1}
  - {x: 1, y: 0, z: 0.000000336051, w: -1}
  - {x: 1, y: 0, z: 0.000000336051, w: -1}
  - {x: 1, y: 0, z: 0.000000336051, w: -1}
  - {x: 1, y: 0, z: -0.00000014002097, w: -1}
  - {x: 1, y: 0, z: -0.00000014002097, w: -1}
  - {x: 1, y: 0, z: -0.00000014002097, w: -1}
  - {x: 1, y: 0, z: 0, w: -1}
  - {x: 1, y: 0, z: 0, w: -1}
  - {x: 1, y: 0, z: 0, w: -1}
  - {x: 1, y: 0, z: 0, w: -1}
  - {x: 1, y: 0, z: 0, w: -1}
  - {x: 1, y: 0, z: 0, w: -1}
  - {x: 1, y: 0, z: -0.00000015515651, w: -1}
  - {x: 1, y: 0, z: -0.00000015515651, w: -1}
  - {x: 1, y: 0, z: -0.00000015515651, w: -1}
  - {x: 1, y: 0, z: 0, w: -1}
  - {x: 1, y: 0, z: 0, w: -1}
  - {x: 1, y: 0, z: 0, w: -1}
  - {x: 1, y: 0, z: 0, w: -1}
  - {x: 1, y: 0, z: 0, w: -1}
  - {x: 1, y: 0, z: 0, w: -1}
  - {x: 1, y: 0, z: 0, w: -1}
  - {x: 1, y: 0, z: 0, w: -1}
  - {x: 1, y: 0, z: 0, w: -1}
  - {x: 1, y: 0, z: 0.0000002724708, w: -1}
  - {x: 1, y: 0, z: 0.0000002724708, w: -1}
  - {x: 1, y: 0, z: 0.0000002724708, w: -1}
  - {x: 1, y: 0, z: 0, w: -1}
  - {x: 1, y: 0, z: 0, w: -1}
  - {x: 1, y: 0, z: 0, w: -1}
  - {x: 1, y: 0, z: -0.00000015011301, w: -1}
  - {x: 1, y: 0, z: -0.00000015011301, w: -1}
  - {x: 1, y: 0, z: -0.00000015011301, w: -1}
  - {x: 1, y: 0, z: 0, w: -1}
  - {x: 1, y: 0, z: 0, w: -1}
  - {x: 1, y: 0, z: 0, w: -1}
  - {x: 1, y: 0, z: 0, w: -1}
  - {x: 1, y: 0, z: 0, w: -1}
  - {x: 1, y: 0, z: 0, w: -1}
  - {x: 1, y: 0, z: 0, w: -1}
  - {x: 1, y: 0, z: 0, w: -1}
  - {x: 1, y: 0, z: 0, w: -1}
  - {x: 1, y: 0, z: 0, w: -1}
  - {x: 1, y: 0, z: 0, w: -1}
  - {x: 1, y: 0, z: 0, w: -1}
  - {x: 1, y: 0, z: 0, w: -1}
  - {x: 1, y: 0, z: 0, w: -1}
  - {x: 1, y: 0, z: 0, w: -1}
  - {x: 1, y: 0, z: 0, w: -1}
  - {x: 1, y: 0, z: 0, w: -1}
  - {x: 1, y: 0, z: 0, w: -1}
  - {x: 1, y: 0, z: 0, w: -1}
  - {x: 1, y: 0, z: 0, w: -1}
  - {x: 1, y: 0, z: 0, w: -1}
  - {x: 1, y: 0, z: 0, w: -1}
  - {x: 1, y: 0, z: 0, w: -1}
  - {x: 1, y: 0, z: 0, w: -1}
  - {x: 1, y: 0, z: 0, w: -1}
  - {x: 1, y: 0, z: 0, w: -1}
  - {x: 1, y: 0, z: 0, w: -1}
  - {x: 1, y: 0, z: 0, w: -1}
  - {x: 1, y: 0, z: 0, w: -1}
  - {x: 1, y: 0, z: 0, w: -1}
  - {x: 1, y: 0, z: 0.0000019073632, w: -1}
  - {x: 1, y: 0, z: 0.0000019073632, w: -1}
  - {x: 1, y: 0, z: 0.0000019073632, w: -1}
  - {x: 1, y: 0, z: 0, w: -1}
  - {x: 1, y: 0, z: 0, w: -1}
  - {x: 1, y: 0, z: 0, w: -1}
  - {x: 1, y: 0, z: 0, w: -1}
  - {x: 1, y: 0, z: 0, w: -1}
  - {x: 1, y: 0, z: 0, w: -1}
  - {x: 1, y: 0, z: -0.0000010403803, w: -1}
  - {x: 1, y: 0, z: -0.0000010403803, w: -1}
  - {x: 1, y: 0, z: -0.0000010403803, w: -1}
  m_Colors:
  - {r: 1, g: 1, b: 1, a: 1}
  - {r: 1, g: 1, b: 1, a: 1}
  - {r: 1, g: 1, b: 1, a: 1}
  - {r: 1, g: 1, b: 1, a: 1}
  - {r: 1, g: 1, b: 1, a: 1}
  - {r: 1, g: 1, b: 1, a: 1}
  - {r: 1, g: 1, b: 1, a: 1}
  - {r: 1, g: 1, b: 1, a: 1}
  - {r: 1, g: 1, b: 1, a: 1}
  - {r: 1, g: 1, b: 1, a: 1}
  - {r: 1, g: 1, b: 1, a: 1}
  - {r: 1, g: 1, b: 1, a: 1}
  - {r: 1, g: 1, b: 1, a: 1}
  - {r: 1, g: 1, b: 1, a: 1}
  - {r: 1, g: 1, b: 1, a: 1}
  - {r: 1, g: 1, b: 1, a: 1}
  - {r: 1, g: 1, b: 1, a: 1}
  - {r: 1, g: 1, b: 1, a: 1}
  - {r: 1, g: 1, b: 1, a: 1}
  - {r: 1, g: 1, b: 1, a: 1}
  - {r: 1, g: 1, b: 1, a: 1}
  - {r: 1, g: 1, b: 1, a: 1}
  - {r: 1, g: 1, b: 1, a: 1}
  - {r: 1, g: 1, b: 1, a: 1}
  - {r: 1, g: 1, b: 1, a: 1}
  - {r: 1, g: 1, b: 1, a: 1}
  - {r: 1, g: 1, b: 1, a: 1}
  - {r: 1, g: 1, b: 1, a: 1}
  - {r: 1, g: 1, b: 1, a: 1}
  - {r: 1, g: 1, b: 1, a: 1}
  - {r: 1, g: 1, b: 1, a: 1}
  - {r: 1, g: 1, b: 1, a: 1}
  - {r: 1, g: 1, b: 1, a: 1}
  - {r: 1, g: 1, b: 1, a: 1}
  - {r: 1, g: 1, b: 1, a: 1}
  - {r: 1, g: 1, b: 1, a: 1}
  - {r: 1, g: 1, b: 1, a: 1}
  - {r: 1, g: 1, b: 1, a: 1}
  - {r: 1, g: 1, b: 1, a: 1}
  - {r: 1, g: 1, b: 1, a: 1}
  - {r: 1, g: 1, b: 1, a: 1}
  - {r: 1, g: 1, b: 1, a: 1}
  - {r: 1, g: 1, b: 1, a: 1}
  - {r: 1, g: 1, b: 1, a: 1}
  - {r: 1, g: 1, b: 1, a: 1}
  - {r: 1, g: 1, b: 1, a: 1}
  - {r: 1, g: 1, b: 1, a: 1}
  - {r: 1, g: 1, b: 1, a: 1}
  - {r: 1, g: 1, b: 1, a: 1}
  - {r: 1, g: 1, b: 1, a: 1}
  - {r: 1, g: 1, b: 1, a: 1}
  - {r: 1, g: 1, b: 1, a: 1}
  - {r: 1, g: 1, b: 1, a: 1}
  - {r: 1, g: 1, b: 1, a: 1}
  - {r: 1, g: 1, b: 1, a: 1}
  - {r: 1, g: 1, b: 1, a: 1}
  - {r: 1, g: 1, b: 1, a: 1}
  - {r: 1, g: 1, b: 1, a: 1}
  - {r: 1, g: 1, b: 1, a: 1}
  - {r: 1, g: 1, b: 1, a: 1}
  - {r: 1, g: 1, b: 1, a: 1}
  - {r: 1, g: 1, b: 1, a: 1}
  - {r: 1, g: 1, b: 1, a: 1}
  - {r: 1, g: 1, b: 1, a: 1}
  - {r: 1, g: 1, b: 1, a: 1}
  - {r: 1, g: 1, b: 1, a: 1}
  - {r: 1, g: 1, b: 1, a: 1}
  - {r: 1, g: 1, b: 1, a: 1}
  - {r: 1, g: 1, b: 1, a: 1}
  - {r: 1, g: 1, b: 1, a: 1}
  - {r: 1, g: 1, b: 1, a: 1}
  - {r: 1, g: 1, b: 1, a: 1}
  - {r: 1, g: 1, b: 1, a: 1}
  - {r: 1, g: 1, b: 1, a: 1}
  - {r: 1, g: 1, b: 1, a: 1}
  - {r: 1, g: 1, b: 1, a: 1}
  - {r: 1, g: 1, b: 1, a: 1}
  - {r: 1, g: 1, b: 1, a: 1}
  - {r: 1, g: 1, b: 1, a: 1}
  - {r: 1, g: 1, b: 1, a: 1}
  - {r: 1, g: 1, b: 1, a: 1}
  - {r: 1, g: 1, b: 1, a: 1}
  - {r: 1, g: 1, b: 1, a: 1}
  - {r: 1, g: 1, b: 1, a: 1}
  - {r: 1, g: 1, b: 1, a: 1}
  - {r: 1, g: 1, b: 1, a: 1}
  - {r: 1, g: 1, b: 1, a: 1}
  - {r: 1, g: 1, b: 1, a: 1}
  - {r: 1, g: 1, b: 1, a: 1}
  - {r: 1, g: 1, b: 1, a: 1}
  - {r: 1, g: 1, b: 1, a: 1}
  - {r: 1, g: 1, b: 1, a: 1}
  - {r: 1, g: 1, b: 1, a: 1}
  - {r: 1, g: 1, b: 1, a: 1}
  - {r: 1, g: 1, b: 1, a: 1}
  - {r: 1, g: 1, b: 1, a: 1}
  - {r: 1, g: 1, b: 1, a: 1}
  - {r: 1, g: 1, b: 1, a: 1}
  - {r: 1, g: 1, b: 1, a: 1}
  - {r: 1, g: 1, b: 1, a: 1}
  - {r: 1, g: 1, b: 1, a: 1}
  - {r: 1, g: 1, b: 1, a: 1}
  - {r: 1, g: 1, b: 1, a: 1}
  - {r: 1, g: 1, b: 1, a: 1}
  - {r: 1, g: 1, b: 1, a: 1}
  - {r: 1, g: 1, b: 1, a: 1}
  - {r: 1, g: 1, b: 1, a: 1}
  - {r: 1, g: 1, b: 1, a: 1}
  - {r: 1, g: 1, b: 1, a: 1}
  - {r: 1, g: 1, b: 1, a: 1}
  - {r: 1, g: 1, b: 1, a: 1}
  - {r: 1, g: 1, b: 1, a: 1}
  - {r: 1, g: 1, b: 1, a: 1}
  - {r: 1, g: 1, b: 1, a: 1}
  - {r: 1, g: 1, b: 1, a: 1}
  - {r: 1, g: 1, b: 1, a: 1}
  - {r: 1, g: 1, b: 1, a: 1}
  - {r: 1, g: 1, b: 1, a: 1}
  - {r: 1, g: 1, b: 1, a: 1}
  - {r: 1, g: 1, b: 1, a: 1}
  - {r: 1, g: 1, b: 1, a: 1}
  - {r: 1, g: 1, b: 1, a: 1}
  - {r: 1, g: 1, b: 1, a: 1}
  - {r: 1, g: 1, b: 1, a: 1}
  - {r: 1, g: 1, b: 1, a: 1}
  - {r: 1, g: 1, b: 1, a: 1}
  - {r: 1, g: 1, b: 1, a: 1}
  - {r: 1, g: 1, b: 1, a: 1}
  - {r: 1, g: 1, b: 1, a: 1}
  - {r: 1, g: 1, b: 1, a: 1}
  - {r: 1, g: 1, b: 1, a: 1}
  - {r: 1, g: 1, b: 1, a: 1}
  - {r: 1, g: 1, b: 1, a: 1}
  - {r: 1, g: 1, b: 1, a: 1}
  - {r: 1, g: 1, b: 1, a: 1}
  - {r: 1, g: 1, b: 1, a: 1}
  - {r: 1, g: 1, b: 1, a: 1}
  - {r: 1, g: 1, b: 1, a: 1}
  - {r: 1, g: 1, b: 1, a: 1}
  - {r: 1, g: 1, b: 1, a: 1}
  - {r: 1, g: 1, b: 1, a: 1}
  - {r: 1, g: 1, b: 1, a: 1}
  - {r: 1, g: 1, b: 1, a: 1}
  - {r: 1, g: 1, b: 1, a: 1}
  - {r: 1, g: 1, b: 1, a: 1}
  - {r: 1, g: 1, b: 1, a: 1}
  - {r: 1, g: 1, b: 1, a: 1}
  - {r: 1, g: 1, b: 1, a: 1}
  - {r: 1, g: 1, b: 1, a: 1}
  - {r: 1, g: 1, b: 1, a: 1}
  - {r: 1, g: 1, b: 1, a: 1}
  - {r: 1, g: 1, b: 1, a: 1}
  - {r: 1, g: 1, b: 1, a: 1}
  - {r: 1, g: 1, b: 1, a: 1}
  - {r: 1, g: 1, b: 1, a: 1}
  - {r: 1, g: 1, b: 1, a: 1}
  - {r: 1, g: 1, b: 1, a: 1}
  - {r: 1, g: 1, b: 1, a: 1}
  - {r: 1, g: 1, b: 1, a: 1}
  - {r: 1, g: 1, b: 1, a: 1}
  - {r: 1, g: 1, b: 1, a: 1}
  - {r: 1, g: 1, b: 1, a: 1}
  - {r: 1, g: 1, b: 1, a: 1}
  - {r: 1, g: 1, b: 1, a: 1}
  - {r: 1, g: 1, b: 1, a: 1}
  - {r: 1, g: 1, b: 1, a: 1}
  - {r: 1, g: 1, b: 1, a: 1}
  - {r: 1, g: 1, b: 1, a: 1}
  - {r: 1, g: 1, b: 1, a: 1}
  - {r: 1, g: 1, b: 1, a: 1}
  - {r: 1, g: 1, b: 1, a: 1}
  - {r: 1, g: 1, b: 1, a: 1}
  - {r: 1, g: 1, b: 1, a: 1}
  - {r: 1, g: 1, b: 1, a: 1}
  - {r: 1, g: 1, b: 1, a: 1}
  - {r: 1, g: 1, b: 1, a: 1}
  - {r: 1, g: 1, b: 1, a: 1}
  - {r: 1, g: 1, b: 1, a: 1}
  - {r: 1, g: 1, b: 1, a: 1}
  - {r: 1, g: 1, b: 1, a: 1}
  - {r: 1, g: 1, b: 1, a: 1}
  - {r: 1, g: 1, b: 1, a: 1}
  - {r: 1, g: 1, b: 1, a: 1}
  - {r: 1, g: 1, b: 1, a: 1}
  - {r: 1, g: 1, b: 1, a: 1}
  - {r: 1, g: 1, b: 1, a: 1}
  - {r: 1, g: 1, b: 1, a: 1}
  - {r: 1, g: 1, b: 1, a: 1}
  - {r: 1, g: 1, b: 1, a: 1}
  - {r: 1, g: 1, b: 1, a: 1}
  - {r: 1, g: 1, b: 1, a: 1}
  - {r: 1, g: 1, b: 1, a: 1}
  - {r: 1, g: 1, b: 1, a: 1}
  - {r: 1, g: 1, b: 1, a: 1}
  - {r: 1, g: 1, b: 1, a: 1}
  - {r: 1, g: 1, b: 1, a: 1}
  - {r: 1, g: 1, b: 1, a: 1}
  - {r: 1, g: 1, b: 1, a: 1}
  - {r: 1, g: 1, b: 1, a: 1}
  - {r: 1, g: 1, b: 1, a: 1}
  - {r: 1, g: 1, b: 1, a: 1}
  - {r: 1, g: 1, b: 1, a: 1}
  - {r: 1, g: 1, b: 1, a: 1}
  - {r: 1, g: 1, b: 1, a: 1}
  - {r: 1, g: 1, b: 1, a: 1}
  - {r: 1, g: 1, b: 1, a: 1}
  - {r: 1, g: 1, b: 1, a: 1}
  - {r: 1, g: 1, b: 1, a: 1}
  - {r: 1, g: 1, b: 1, a: 1}
  - {r: 1, g: 1, b: 1, a: 1}
  - {r: 1, g: 1, b: 1, a: 1}
  - {r: 1, g: 1, b: 1, a: 1}
  - {r: 1, g: 1, b: 1, a: 1}
  - {r: 1, g: 1, b: 1, a: 1}
  - {r: 1, g: 1, b: 1, a: 1}
  - {r: 1, g: 1, b: 1, a: 1}
  - {r: 1, g: 1, b: 1, a: 1}
  - {r: 1, g: 1, b: 1, a: 1}
  - {r: 1, g: 1, b: 1, a: 1}
  - {r: 1, g: 1, b: 1, a: 1}
  - {r: 1, g: 1, b: 1, a: 1}
  - {r: 1, g: 1, b: 1, a: 1}
  - {r: 1, g: 1, b: 1, a: 1}
  - {r: 1, g: 1, b: 1, a: 1}
  - {r: 1, g: 1, b: 1, a: 1}
  - {r: 1, g: 1, b: 1, a: 1}
  - {r: 1, g: 1, b: 1, a: 1}
  - {r: 1, g: 1, b: 1, a: 1}
  - {r: 1, g: 1, b: 1, a: 1}
  - {r: 1, g: 1, b: 1, a: 1}
  - {r: 1, g: 1, b: 1, a: 1}
  - {r: 1, g: 1, b: 1, a: 1}
  - {r: 1, g: 1, b: 1, a: 1}
  - {r: 1, g: 1, b: 1, a: 1}
  - {r: 1, g: 1, b: 1, a: 1}
  - {r: 1, g: 1, b: 1, a: 1}
  - {r: 1, g: 1, b: 1, a: 1}
  - {r: 1, g: 1, b: 1, a: 1}
  - {r: 1, g: 1, b: 1, a: 1}
  - {r: 1, g: 1, b: 1, a: 1}
  - {r: 1, g: 1, b: 1, a: 1}
  - {r: 1, g: 1, b: 1, a: 1}
  - {r: 1, g: 1, b: 1, a: 1}
  - {r: 1, g: 1, b: 1, a: 1}
  - {r: 1, g: 1, b: 1, a: 1}
  - {r: 1, g: 1, b: 1, a: 1}
  - {r: 1, g: 1, b: 1, a: 1}
  - {r: 1, g: 1, b: 1, a: 1}
  - {r: 1, g: 1, b: 1, a: 1}
  - {r: 1, g: 1, b: 1, a: 1}
  - {r: 1, g: 1, b: 1, a: 1}
  - {r: 1, g: 1, b: 1, a: 1}
  - {r: 1, g: 1, b: 1, a: 1}
  - {r: 1, g: 1, b: 1, a: 1}
  - {r: 1, g: 1, b: 1, a: 1}
  - {r: 1, g: 1, b: 1, a: 1}
  - {r: 1, g: 1, b: 1, a: 1}
  - {r: 1, g: 1, b: 1, a: 1}
  m_UnwrapParameters:
    m_HardAngle: 88
    m_PackMargin: 20
    m_AngleError: 8
    m_AreaError: 15
  m_PreserveMeshAssetOnDestroy: 0
  assetGuid: 
  m_IsSelectable: 1
  m_SelectedFaces: 
  m_SelectedEdges: []
  m_SelectedVertices: 
