%YAML 1.1
%TAG !u! tag:unity3d.com,2011:
--- !u!1 &7851476501616202375
GameObject:
  m_ObjectHideFlags: 0
  m_CorrespondingSourceObject: {fileID: 0}
  m_PrefabInstance: {fileID: 0}
  m_PrefabAsset: {fileID: 0}
  serializedVersion: 6
  m_Component:
  - component: {fileID: 7853551836172563515}
  - component: {fileID: 7819790290734454797}
  - component: {fileID: 7828165564878638411}
  - component: {fileID: 7788444593241345943}
  - component: {fileID: 3270495468452929087}
  m_Layer: 0
  m_Name: Wall_Bump_Special
  m_TagString: Untagged
  m_Icon: {fileID: 0}
  m_NavMeshLayer: 0
  m_StaticEditorFlags: 0
  m_IsActive: 1
--- !u!4 &7853551836172563515
Transform:
  m_ObjectHideFlags: 0
  m_CorrespondingSourceObject: {fileID: 0}
  m_PrefabInstance: {fileID: 0}
  m_PrefabAsset: {fileID: 0}
  m_GameObject: {fileID: 7851476501616202375}
  m_LocalRotation: {x: -1, y: -1.5278672e-13, z: 0.00000047683707, w: -0.00000035762778}
  m_LocalPosition: {x: 3, y: 3.9994674, z: -12}
  m_LocalScale: {x: 1, y: 1, z: 1}
  m_Children: []
  m_Father: {fileID: 0}
  m_RootOrder: 0
  m_LocalEulerAnglesHint: {x: -180, y: -0.000015258789, z: -0.000015258789}
--- !u!33 &7819790290734454797
MeshFilter:
  m_ObjectHideFlags: 0
  m_CorrespondingSourceObject: {fileID: 0}
  m_PrefabInstance: {fileID: 0}
  m_PrefabAsset: {fileID: 0}
  m_GameObject: {fileID: 7851476501616202375}
  m_Mesh: {fileID: 0}
--- !u!23 &7828165564878638411
MeshRenderer:
  m_ObjectHideFlags: 0
  m_CorrespondingSourceObject: {fileID: 0}
  m_PrefabInstance: {fileID: 0}
  m_PrefabAsset: {fileID: 0}
  m_GameObject: {fileID: 7851476501616202375}
  m_Enabled: 1
  m_CastShadows: 1
  m_ReceiveShadows: 1
  m_DynamicOccludee: 1
  m_MotionVectors: 1
  m_LightProbeUsage: 1
  m_ReflectionProbeUsage: 1
  m_RenderingLayerMask: 4294967295
  m_RendererPriority: 0
  m_Materials:
  - {fileID: 2100000, guid: 2b96d45a3335b2543ba4d7184b18bec2, type: 2}
  - {fileID: 2100000, guid: 39f70bc74bf368a4aba4f8319047fdef, type: 2}
  m_StaticBatchInfo:
    firstSubMesh: 0
    subMeshCount: 0
  m_StaticBatchRoot: {fileID: 0}
  m_ProbeAnchor: {fileID: 0}
  m_LightProbeVolumeOverride: {fileID: 0}
  m_ScaleInLightmap: 1
  m_ReceiveGI: 1
  m_PreserveUVs: 0
  m_IgnoreNormalsForChartDetection: 0
  m_ImportantGI: 0
  m_StitchLightmapSeams: 0
  m_SelectedEditorRenderState: 2
  m_MinimumChartSize: 4
  m_AutoUVMaxDistance: 0.5
  m_AutoUVMaxAngle: 89
  m_LightmapParameters: {fileID: 0}
  m_SortingLayerID: 0
  m_SortingLayer: 0
  m_SortingOrder: 0
--- !u!64 &7788444593241345943
MeshCollider:
  m_ObjectHideFlags: 0
  m_CorrespondingSourceObject: {fileID: 0}
  m_PrefabInstance: {fileID: 0}
  m_PrefabAsset: {fileID: 0}
  m_GameObject: {fileID: 7851476501616202375}
  m_Material: {fileID: 0}
  m_IsTrigger: 0
  m_Enabled: 1
  serializedVersion: 3
  m_Convex: 0
  m_CookingOptions: 14
  m_Mesh: {fileID: 0}
--- !u!114 &3270495468452929087
MonoBehaviour:
  m_ObjectHideFlags: 0
  m_CorrespondingSourceObject: {fileID: 0}
  m_PrefabInstance: {fileID: 0}
  m_PrefabAsset: {fileID: 0}
  m_GameObject: {fileID: 7851476501616202375}
  m_Enabled: 1
  m_EditorHideFlags: 0
  m_Script: {fileID: 11500000, guid: 8233d90336aea43098adf6dbabd606a2, type: 3}
  m_Name: 
  m_EditorClassIdentifier: 
  m_MeshFormatVersion: 1
  m_Faces:
  - m_Indexes: 08000000090000000a000000
    m_SmoothingGroup: 1
    m_Uv:
      m_UseWorldSpace: 0
      m_FlipU: 0
      m_FlipV: 0
      m_SwapUV: 0
      m_Fill: 1
      m_Scale: {x: 1, y: 1}
      m_Offset: {x: 0, y: 0}
      m_Rotation: 0
      m_Anchor: 9
    m_Material: {fileID: 0}
    m_SubmeshIndex: 1
    m_ManualUV: 1
    elementGroup: -1
    m_TextureGroup: -1
  - m_Indexes: 0b0000000c0000000d000000
    m_SmoothingGroup: 1
    m_Uv:
      m_UseWorldSpace: 0
      m_FlipU: 0
      m_FlipV: 0
      m_SwapUV: 0
      m_Fill: 1
      m_Scale: {x: 1, y: 1}
      m_Offset: {x: 0, y: 0}
      m_Rotation: 0
      m_Anchor: 9
    m_Material: {fileID: 0}
    m_SubmeshIndex: 1
    m_ManualUV: 1
    elementGroup: -1
    m_TextureGroup: -1
  - m_Indexes: 000000000100000002000000010000000300000002000000
    m_SmoothingGroup: 0
    m_Uv:
      m_UseWorldSpace: 0
      m_FlipU: 0
      m_FlipV: 0
      m_SwapUV: 0
      m_Fill: 1
      m_Scale: {x: 1, y: 1}
      m_Offset: {x: 0, y: 0}
      m_Rotation: 0
      m_Anchor: 9
    m_Material: {fileID: 0}
    m_SubmeshIndex: 0
    m_ManualUV: 1
    elementGroup: -1
    m_TextureGroup: -1
  - m_Indexes: 040000000500000006000000050000000700000006000000
    m_SmoothingGroup: 0
    m_Uv:
      m_UseWorldSpace: 0
      m_FlipU: 0
      m_FlipV: 0
      m_SwapUV: 0
      m_Fill: 1
      m_Scale: {x: 1, y: 1}
      m_Offset: {x: 0, y: 0}
      m_Rotation: 0
      m_Anchor: 9
    m_Material: {fileID: 0}
    m_SubmeshIndex: 0
    m_ManualUV: 1
    elementGroup: -1
    m_TextureGroup: -1
  - m_Indexes: 0e0000000f000000100000000f0000001100000010000000
    m_SmoothingGroup: 0
    m_Uv:
      m_UseWorldSpace: 0
      m_FlipU: 0
      m_FlipV: 0
      m_SwapUV: 0
      m_Fill: 1
      m_Scale: {x: 1, y: 1}
      m_Offset: {x: 0, y: 0}
      m_Rotation: 0
      m_Anchor: 9
    m_Material: {fileID: 0}
    m_SubmeshIndex: 1
    m_ManualUV: 1
    elementGroup: -1
    m_TextureGroup: -1
  - m_Indexes: 120000001300000014000000130000001500000014000000
    m_SmoothingGroup: 0
    m_Uv:
      m_UseWorldSpace: 0
      m_FlipU: 0
      m_FlipV: 0
      m_SwapUV: 0
      m_Fill: 1
      m_Scale: {x: 1, y: 1}
      m_Offset: {x: 0, y: 0}
      m_Rotation: 0
      m_Anchor: 9
    m_Material: {fileID: 0}
    m_SubmeshIndex: 1
    m_ManualUV: 1
    elementGroup: -1
    m_TextureGroup: -1
  - m_Indexes: 160000001700000018000000170000001900000018000000
    m_SmoothingGroup: 0
    m_Uv:
      m_UseWorldSpace: 0
      m_FlipU: 0
      m_FlipV: 0
      m_SwapUV: 0
      m_Fill: 1
      m_Scale: {x: 1, y: 1}
      m_Offset: {x: 0, y: 0}
      m_Rotation: 0
      m_Anchor: 9
    m_Material: {fileID: 0}
    m_SubmeshIndex: 1
    m_ManualUV: 1
    elementGroup: -1
    m_TextureGroup: -1
  - m_Indexes: 1a0000001b0000001c0000001b0000001d0000001c000000
    m_SmoothingGroup: 0
    m_Uv:
      m_UseWorldSpace: 0
      m_FlipU: 0
      m_FlipV: 0
      m_SwapUV: 0
      m_Fill: 1
      m_Scale: {x: 1, y: 1}
      m_Offset: {x: 0, y: 0}
      m_Rotation: 0
      m_Anchor: 9
    m_Material: {fileID: 0}
    m_SubmeshIndex: 1
    m_ManualUV: 1
    elementGroup: -1
    m_TextureGroup: -1
  - m_Indexes: 1e0000001f000000200000001f0000002100000020000000
    m_SmoothingGroup: 0
    m_Uv:
      m_UseWorldSpace: 0
      m_FlipU: 0
      m_FlipV: 0
      m_SwapUV: 0
      m_Fill: 1
      m_Scale: {x: 1, y: 1}
      m_Offset: {x: 0, y: 0}
      m_Rotation: 0
      m_Anchor: 9
    m_Material: {fileID: 0}
    m_SubmeshIndex: 1
    m_ManualUV: 1
    elementGroup: -1
    m_TextureGroup: -1
  - m_Indexes: 220000002300000024000000230000002500000024000000
    m_SmoothingGroup: 0
    m_Uv:
      m_UseWorldSpace: 0
      m_FlipU: 0
      m_FlipV: 0
      m_SwapUV: 0
      m_Fill: 1
      m_Scale: {x: 1, y: 1}
      m_Offset: {x: 0, y: 0}
      m_Rotation: 0
      m_Anchor: 9
    m_Material: {fileID: 0}
    m_SubmeshIndex: 1
    m_ManualUV: 1
    elementGroup: -1
    m_TextureGroup: -1
  - m_Indexes: 260000002700000028000000270000002900000028000000
    m_SmoothingGroup: 0
    m_Uv:
      m_UseWorldSpace: 0
      m_FlipU: 0
      m_FlipV: 0
      m_SwapUV: 0
      m_Fill: 1
      m_Scale: {x: 1, y: 1}
      m_Offset: {x: 0, y: 0}
      m_Rotation: 0
      m_Anchor: 9
    m_Material: {fileID: 0}
    m_SubmeshIndex: 1
    m_ManualUV: 1
    elementGroup: -1
    m_TextureGroup: -1
  - m_Indexes: 2a0000002b0000002c0000002b0000002d0000002c000000
    m_SmoothingGroup: 0
    m_Uv:
      m_UseWorldSpace: 0
      m_FlipU: 0
      m_FlipV: 0
      m_SwapUV: 0
      m_Fill: 1
      m_Scale: {x: 1, y: 1}
      m_Offset: {x: 0, y: 0}
      m_Rotation: 0
      m_Anchor: 9
    m_Material: {fileID: 0}
    m_SubmeshIndex: 1
    m_ManualUV: 1
    elementGroup: -1
    m_TextureGroup: -1
  - m_Indexes: 2e0000002f000000300000002f0000003100000030000000
    m_SmoothingGroup: 0
    m_Uv:
      m_UseWorldSpace: 0
      m_FlipU: 0
      m_FlipV: 0
      m_SwapUV: 0
      m_Fill: 1
      m_Scale: {x: 1, y: 1}
      m_Offset: {x: 0, y: 0}
      m_Rotation: 0
      m_Anchor: 9
    m_Material: {fileID: 0}
    m_SubmeshIndex: 0
    m_ManualUV: 0
    elementGroup: -1
    m_TextureGroup: -1
  - m_Indexes: 320000003300000034000000330000003500000034000000
    m_SmoothingGroup: 0
    m_Uv:
      m_UseWorldSpace: 0
      m_FlipU: 0
      m_FlipV: 0
      m_SwapUV: 0
      m_Fill: 1
      m_Scale: {x: 1, y: 1}
      m_Offset: {x: 0, y: 0}
      m_Rotation: 0
      m_Anchor: 9
    m_Material: {fileID: 0}
    m_SubmeshIndex: 1
    m_ManualUV: 0
    elementGroup: -1
    m_TextureGroup: -1
  - m_Indexes: 360000003700000038000000370000003900000038000000
    m_SmoothingGroup: 0
    m_Uv:
      m_UseWorldSpace: 0
      m_FlipU: 0
      m_FlipV: 0
      m_SwapUV: 0
      m_Fill: 1
      m_Scale: {x: 1, y: 1}
      m_Offset: {x: 0, y: 0}
      m_Rotation: 0
      m_Anchor: 9
    m_Material: {fileID: 0}
    m_SubmeshIndex: 1
    m_ManualUV: 0
    elementGroup: -1
    m_TextureGroup: -1
  - m_Indexes: 3a0000003b0000003c0000003b0000003d0000003c000000
    m_SmoothingGroup: 0
    m_Uv:
      m_UseWorldSpace: 0
      m_FlipU: 0
      m_FlipV: 0
      m_SwapUV: 0
      m_Fill: 1
      m_Scale: {x: 1, y: 1}
      m_Offset: {x: 0, y: 0}
      m_Rotation: 0
      m_Anchor: 9
    m_Material: {fileID: 0}
    m_SubmeshIndex: 0
    m_ManualUV: 0
    elementGroup: -1
    m_TextureGroup: -1
  - m_Indexes: 3e0000003f000000400000003f0000004100000040000000
    m_SmoothingGroup: 0
    m_Uv:
      m_UseWorldSpace: 0
      m_FlipU: 0
      m_FlipV: 0
      m_SwapUV: 0
      m_Fill: 1
      m_Scale: {x: 1, y: 1}
      m_Offset: {x: 0, y: 0}
      m_Rotation: 0
      m_Anchor: 9
    m_Material: {fileID: 0}
    m_SubmeshIndex: 1
    m_ManualUV: 0
    elementGroup: -1
    m_TextureGroup: -1
  - m_Indexes: 420000004300000044000000430000004500000044000000
    m_SmoothingGroup: 0
    m_Uv:
      m_UseWorldSpace: 0
      m_FlipU: 0
      m_FlipV: 0
      m_SwapUV: 0
      m_Fill: 1
      m_Scale: {x: 1, y: 1}
      m_Offset: {x: 0, y: 0}
      m_Rotation: 0
      m_Anchor: 9
    m_Material: {fileID: 0}
    m_SubmeshIndex: 1
    m_ManualUV: 0
    elementGroup: -1
    m_TextureGroup: -1
  - m_Indexes: 460000004700000048000000470000004900000048000000
    m_SmoothingGroup: 0
    m_Uv:
      m_UseWorldSpace: 0
      m_FlipU: 0
      m_FlipV: 0
      m_SwapUV: 0
      m_Fill: 1
      m_Scale: {x: 1, y: 1}
      m_Offset: {x: 0, y: 0}
      m_Rotation: 0
      m_Anchor: 9
    m_Material: {fileID: 0}
    m_SubmeshIndex: 1
    m_ManualUV: 0
    elementGroup: -1
    m_TextureGroup: -1
  - m_Indexes: 4a0000004b0000004c0000004b0000004d0000004c000000
    m_SmoothingGroup: 0
    m_Uv:
      m_UseWorldSpace: 0
      m_FlipU: 0
      m_FlipV: 0
      m_SwapUV: 0
      m_Fill: 1
      m_Scale: {x: 1, y: 1}
      m_Offset: {x: 0, y: 0}
      m_Rotation: 0
      m_Anchor: 9
    m_Material: {fileID: 0}
    m_SubmeshIndex: 1
    m_ManualUV: 0
    elementGroup: -1
    m_TextureGroup: -1
  - m_Indexes: 4e0000004f000000500000004f0000005100000050000000
    m_SmoothingGroup: 0
    m_Uv:
      m_UseWorldSpace: 0
      m_FlipU: 0
      m_FlipV: 0
      m_SwapUV: 0
      m_Fill: 1
      m_Scale: {x: 1, y: 1}
      m_Offset: {x: 0, y: 0}
      m_Rotation: 0
      m_Anchor: 9
    m_Material: {fileID: 0}
    m_SubmeshIndex: 1
    m_ManualUV: 0
    elementGroup: -1
    m_TextureGroup: -1
  - m_Indexes: 520000005300000054000000530000005500000054000000
    m_SmoothingGroup: 0
    m_Uv:
      m_UseWorldSpace: 0
      m_FlipU: 0
      m_FlipV: 0
      m_SwapUV: 0
      m_Fill: 1
      m_Scale: {x: 1, y: 1}
      m_Offset: {x: 0, y: 0}
      m_Rotation: 0
      m_Anchor: 9
    m_Material: {fileID: 0}
    m_SubmeshIndex: 1
    m_ManualUV: 0
    elementGroup: -1
    m_TextureGroup: -1
  m_SharedVertices:
  - m_Vertices: 0200000019000000
  - m_Vertices: 0300000010000000
  - m_Vertices: 060000001d000000
  - m_Vertices: 0700000028000000
  - m_Vertices: 080000000c0000003d00000050000000
  - m_Vertices: 040000001b0000003b0000004e000000
  - m_Vertices: 3c00000041000000
  - m_Vertices: 05000000260000003a0000003f000000
  - m_Vertices: 3100000044000000
  - m_Vertices: 00000000170000002f00000042000000
  - m_Vertices: 3000000035000000
  - m_Vertices: 010000000e0000002e00000033000000
  - m_Vertices: 4500000048000000
  - m_Vertices: 160000002b0000004300000046000000
  - m_Vertices: 4000000049000000
  - m_Vertices: 270000002a0000003e00000047000000
  - m_Vertices: 090000005100000054000000
  - m_Vertices: 1a000000230000004f00000052000000
  - m_Vertices: 0a0000000d0000004c00000055000000
  - m_Vertices: 1f000000220000004a00000053000000
  - m_Vertices: 0b0000004d000000
  - m_Vertices: 1e0000004b000000
  - m_Vertices: 20000000
  - m_Vertices: 15000000
  - m_Vertices: 1100000014000000
  - m_Vertices: 180000002d000000
  - m_Vertices: 290000002c000000
  - m_Vertices: 1c00000025000000
  - m_Vertices: 2100000024000000
  - m_Vertices: 1300000036000000
  - m_Vertices: 38000000
  - m_Vertices: 3400000039000000
  - m_Vertices: 0f000000120000003200000037000000
  m_SharedTextures: []
  m_Positions:
  - {x: 0.125, y: 0.5, z: 3}
  - {x: 0.125, y: 0.375, z: 3}
  - {x: 0.125, y: 0.5, z: 0}
  - {x: 0.125, y: 0.375, z: 0}
  - {x: 0.125, y: 3.5, z: 3}
  - {x: 0.125, y: 1.25, z: 3}
  - {x: 0.125, y: 3.5, z: 0}
  - {x: 0.125, y: 1.25, z: 0}
  - {x: 0.000004410741, y: 3.5000002, z: 3.1250026}
  - {x: 0.000004410741, y: 3.6249998, z: 3.1250026}
  - {x: 0.000004410741, y: 3.8749998, z: 3.1250029}
  - {x: 0.000004410741, y: 4, z: 3.1250029}
  - {x: 0.000004410741, y: 3.5000002, z: 3.1250026}
  - {x: 0.000004410741, y: 3.8749998, z: 3.1250029}
  - {x: 0.125, y: 0.375, z: 3}
  - {x: 0.25, y: 0.25, z: 3}
  - {x: 0.125, y: 0.375, z: 0}
  - {x: 0.25000048, y: 0.25, z: 0}
  - {x: 0.25, y: 0.25, z: 3}
  - {x: 0.25, y: 0, z: 3}
  - {x: 0.25000048, y: 0.25, z: 0}
  - {x: 0.25000048, y: 0, z: 0}
  - {x: 0.25, y: 0.625, z: 3}
  - {x: 0.125, y: 0.5, z: 3}
  - {x: 0.25000048, y: 0.625, z: 0}
  - {x: 0.125, y: 0.5, z: 0}
  - {x: 0.25, y: 3.625, z: 3}
  - {x: 0.125, y: 3.5, z: 3}
  - {x: 0.25000048, y: 3.625, z: 0}
  - {x: 0.125, y: 3.5, z: 0}
  - {x: 0.125, y: 4, z: 3}
  - {x: 0.25, y: 3.875, z: 3}
  - {x: 0.125, y: 4, z: 0}
  - {x: 0.25000048, y: 3.875, z: 0}
  - {x: 0.25, y: 3.875, z: 3}
  - {x: 0.25, y: 3.625, z: 3}
  - {x: 0.25000048, y: 3.875, z: 0}
  - {x: 0.25000048, y: 3.625, z: 0}
  - {x: 0.125, y: 1.25, z: 3}
  - {x: 0.25, y: 1, z: 3}
  - {x: 0.125, y: 1.25, z: 0}
  - {x: 0.25000048, y: 1, z: 0}
  - {x: 0.25, y: 1, z: 3}
  - {x: 0.25, y: 0.625, z: 3}
  - {x: 0.25000048, y: 1, z: 0}
  - {x: 0.25000048, y: 0.625, z: 0}
  - {x: 0.125, y: 0.375, z: 3}
  - {x: 0.125, y: 0.5, z: 3}
  - {x: 0.000001549718, y: 0.3749999, z: 3.1250002}
  - {x: 0.000001549718, y: 0.4999999, z: 3.1250005}
  - {x: 0.25, y: 0.25, z: 3}
  - {x: 0.125, y: 0.375, z: 3}
  - {x: 0.0000016689273, y: 0.24999982, z: 3.2500002}
  - {x: 0.000001549718, y: 0.3749999, z: 3.1250002}
  - {x: 0.25, y: 0, z: 3}
  - {x: 0.25, y: 0.25, z: 3}
  - {x: 0.0000016689273, y: -0.00000017880939, z: 3.25}
  - {x: 0.0000016689273, y: 0.24999982, z: 3.2500002}
  - {x: 0.125, y: 1.25, z: 3}
  - {x: 0.125, y: 3.5, z: 3}
  - {x: 0.0000025033924, y: 1.2499999, z: 3.125001}
  - {x: 0.000004410741, y: 3.5000002, z: 3.1250026}
  - {x: 0.25, y: 1, z: 3}
  - {x: 0.125, y: 1.25, z: 3}
  - {x: 0.0000026226016, y: 0.9999998, z: 3.2500007}
  - {x: 0.0000025033924, y: 1.2499999, z: 3.125001}
  - {x: 0.125, y: 0.5, z: 3}
  - {x: 0.25, y: 0.625, z: 3}
  - {x: 0.000001549718, y: 0.4999999, z: 3.1250005}
  - {x: 0.0000016689273, y: 0.6249998, z: 3.2500005}
  - {x: 0.25, y: 0.625, z: 3}
  - {x: 0.25, y: 1, z: 3}
  - {x: 0.0000016689273, y: 0.6249998, z: 3.2500005}
  - {x: 0.0000026226016, y: 0.9999998, z: 3.2500007}
  - {x: 0.25, y: 3.875, z: 3}
  - {x: 0.125, y: 4, z: 3}
  - {x: 0.000004410741, y: 3.8749998, z: 3.1250029}
  - {x: 0.000004410741, y: 4, z: 3.1250029}
  - {x: 0.125, y: 3.5, z: 3}
  - {x: 0.25, y: 3.625, z: 3}
  - {x: 0.000004410741, y: 3.5000002, z: 3.1250026}
  - {x: 0.000004410741, y: 3.6249998, z: 3.1250026}
  - {x: 0.25, y: 3.625, z: 3}
  - {x: 0.25, y: 3.875, z: 3}
  - {x: 0.000004410741, y: 3.6249998, z: 3.1250026}
  - {x: 0.000004410741, y: 3.8749998, z: 3.1250029}
  m_Textures0:
  - {x: 0.70811224, y: 0.13024005}
  - {x: 0.70811224, y: 0.10073538}
  - {x: 0, y: 0.13024005}
  - {x: 0, y: 0.10073538}
  - {x: 0.70811224, y: 0.8575387}
  - {x: 0.70811224, y: 0.32645452}
  - {x: 0, y: 0.8575387}
  - {x: 0, y: 0.32645452}
  - {x: -0.3581705, y: -0.25522882}
  - {x: -0.3666074, y: -0.2467919}
  - {x: -0.3666074, y: -0.22991812}
  - {x: -0.3581705, y: -0.2214812}
  - {x: -0.3581705, y: -0.25522882}
  - {x: -0.3666074, y: -0.22991812}
  - {x: 0.70811224, y: 0.10073538}
  - {x: 0.70811224, y: 0.05900945}
  - {x: 0, y: 0.10073538}
  - {x: 0, y: 0.05900942}
  - {x: 0.70811224, y: 0.059009384}
  - {x: 0.70811224, y: 0}
  - {x: 0, y: 0.05900945}
  - {x: 0, y: 0.00000011085747}
  - {x: 0.70811224, y: 0.17196605}
  - {x: 0.70811224, y: 0.13024005}
  - {x: 0, y: 0.17196608}
  - {x: 0, y: 0.13024005}
  - {x: 0.70811224, y: 0.8992647}
  - {x: 0.70811224, y: 0.8575386}
  - {x: 0, y: 0.8992647}
  - {x: 0, y: 0.8575387}
  - {x: 0.70811224, y: 0.9999998}
  - {x: 0.70811224, y: 0.958274}
  - {x: 0, y: 1}
  - {x: 0, y: 0.958274}
  - {x: 0.70811224, y: 0.958274}
  - {x: 0.70811224, y: 0.8992647}
  - {x: 0, y: 0.958274}
  - {x: 0, y: 0.8992647}
  - {x: 0.70811224, y: 0.32645452}
  - {x: 0.70811224, y: 0.26048005}
  - {x: 0, y: 0.32645452}
  - {x: 0, y: 0.26048}
  - {x: 0.70811224, y: 0.26048}
  - {x: 0.70811224, y: 0.17196597}
  - {x: 0, y: 0.26048014}
  - {x: 0, y: 0.17196608}
  - {x: 2.0329478, y: 0.375}
  - {x: 2.0329478, y: 0.5}
  - {x: 2.2097235, y: 0.3749999}
  - {x: 2.2097237, y: 0.4999999}
  - {x: 1.9445516, y: -1.1226821}
  - {x: 2.0329397, y: -0.9695889}
  - {x: 2.298104, y: -1.1226823}
  - {x: 2.2097154, y: -0.96958935}
  - {x: 1.9445513, y: 0}
  - {x: 1.9445513, y: 0.25}
  - {x: 2.2981036, y: -0.00000017880939}
  - {x: 2.2981038, y: 0.24999982}
  - {x: 2.0329626, y: 1.25}
  - {x: 2.0329626, y: 3.5}
  - {x: 2.209738, y: 1.2499999}
  - {x: 2.209738, y: 3.5000002}
  - {x: 1.9445587, y: 0.1767758}
  - {x: 2.0329466, y: 0.44194105}
  - {x: 2.2981107, y: 0.17677562}
  - {x: 2.209722, y: 0.44194052}
  - {x: 2.0329509, y: 1.6840203}
  - {x: 1.9445632, y: 1.8371139}
  - {x: 2.2097268, y: 1.6840202}
  - {x: 2.2981157, y: 1.8371129}
  - {x: 1.9445535, y: 0.625}
  - {x: 1.9445535, y: 1}
  - {x: 2.298106, y: 0.6249998}
  - {x: 2.2981055, y: 0.9999998}
  - {x: 1.1180784, y: 2.3962445}
  - {x: 1.2298808, y: 2.533176}
  - {x: 1.3975841, y: 2.3962443}
  - {x: 1.3975841, y: 2.5103528}
  - {x: 2.0329921, y: 4.133479}
  - {x: 1.9446062, y: 4.2865734}
  - {x: 2.2097676, y: 4.1334796}
  - {x: 2.2097676, y: 4.2355404}
  - {x: 1.1180772, y: 3.625}
  - {x: 1.1180772, y: 3.875}
  - {x: 1.3975829, y: 3.6249998}
  - {x: 1.397583, y: 3.8749998}
  m_Textures2:
  - {x: 0, y: 0, z: 0, w: 0}
  - {x: 0, y: 0, z: 0, w: 0}
  - {x: 0, y: 0, z: 0, w: 0}
  - {x: 0, y: 0, z: 0, w: 0}
  - {x: 0, y: 0, z: 0, w: 0}
  - {x: 0, y: 0, z: 0, w: 0}
  - {x: 0, y: 0, z: 0, w: 0}
  - {x: 0, y: 0, z: 0, w: 0}
  - {x: 0, y: 0, z: 0, w: 0}
  - {x: 0, y: 0, z: 0, w: 0}
  - {x: 0, y: 0, z: 0, w: 0}
  - {x: 0, y: 0, z: 0, w: 0}
  - {x: 0, y: 0, z: 0, w: 0}
  - {x: 0, y: 0, z: 0, w: 0}
  - {x: 0, y: 0, z: 0, w: 0}
  - {x: 0, y: 0, z: 0, w: 0}
  - {x: 0, y: 0, z: 0, w: 0}
  - {x: 0, y: 0, z: 0, w: 0}
  - {x: 0, y: 0, z: 0, w: 0}
  - {x: 0, y: 0, z: 0, w: 0}
  - {x: 0, y: 0, z: 0, w: 0}
  - {x: 0, y: 0, z: 0, w: 0}
  - {x: 0, y: 0, z: 0, w: 0}
  - {x: 0, y: 0, z: 0, w: 0}
  - {x: 0, y: 0, z: 0, w: 0}
  - {x: 0, y: 0, z: 0, w: 0}
  - {x: 0, y: 0, z: 0, w: 0}
  - {x: 0, y: 0, z: 0, w: 0}
  - {x: 0, y: 0, z: 0, w: 0}
  - {x: 0, y: 0, z: 0, w: 0}
  - {x: 0, y: 0, z: 0, w: 0}
  - {x: 0, y: 0, z: 0, w: 0}
  - {x: 0, y: 0, z: 0, w: 0}
  - {x: 0, y: 0, z: 0, w: 0}
  - {x: 0, y: 0, z: 0, w: 0}
  - {x: 0, y: 0, z: 0, w: 0}
  - {x: 0, y: 0, z: 0, w: 0}
  - {x: 0, y: 0, z: 0, w: 0}
  - {x: 0, y: 0, z: 0, w: 0}
  - {x: 0, y: 0, z: 0, w: 0}
  - {x: 0, y: 0, z: 0, w: 0}
  - {x: 0, y: 0, z: 0, w: 0}
  - {x: 0, y: 0, z: 0, w: 0}
  - {x: 0, y: 0, z: 0, w: 0}
  - {x: 0, y: 0, z: 0, w: 0}
  - {x: 0, y: 0, z: 0, w: 0}
  - {x: 0, y: 0, z: 0, w: 0}
  - {x: 0, y: 0, z: 0, w: 0}
  - {x: 0, y: 0, z: 0, w: 0}
  - {x: 0, y: 0, z: 0, w: 0}
  - {x: 0, y: 0, z: 0, w: 0}
  - {x: 0, y: 0, z: 0, w: 0}
  - {x: 0, y: 0, z: 0, w: 0}
  - {x: 0, y: 0, z: 0, w: 0}
  - {x: 0, y: 0, z: 0, w: 0}
  - {x: 0, y: 0, z: 0, w: 0}
  - {x: 0, y: 0, z: 0, w: 0}
  - {x: 0, y: 0, z: 0, w: 0}
  - {x: 0, y: 0, z: 0, w: 0}
  - {x: 0, y: 0, z: 0, w: 0}
  - {x: 0, y: 0, z: 0, w: 0}
  - {x: 0, y: 0, z: 0, w: 0}
  - {x: 0, y: 0, z: 0, w: 0}
  - {x: 0, y: 0, z: 0, w: 0}
  - {x: 0, y: 0, z: 0, w: 0}
  - {x: 0, y: 0, z: 0, w: 0}
  - {x: 0, y: 0, z: 0, w: 0}
  - {x: 0, y: 0, z: 0, w: 0}
  - {x: 0, y: 0, z: 0, w: 0}
  - {x: 0, y: 0, z: 0, w: 0}
  - {x: 0, y: 0, z: 0, w: 0}
  - {x: 0, y: 0, z: 0, w: 0}
  - {x: 0, y: 0, z: 0, w: 0}
  - {x: 0, y: 0, z: 0, w: 0}
  - {x: 0, y: 0, z: 0, w: 0}
  - {x: 0, y: 0, z: 0, w: 0}
  - {x: 0, y: 0, z: 0, w: 0}
  - {x: 0, y: 0, z: 0, w: 0}
  - {x: 0, y: 0, z: 0, w: 0}
  - {x: 0, y: 0, z: 0, w: 0}
  - {x: 0, y: 0, z: 0, w: 0}
  - {x: 0, y: 0, z: 0, w: 0}
  - {x: 0, y: 0, z: 0, w: 0}
  - {x: 0, y: 0, z: 0, w: 0}
  - {x: 0, y: 0, z: 0, w: 0}
  - {x: 0, y: 0, z: 0, w: 0}
  m_Textures3:
  - {x: 0, y: 0, z: 0, w: 0}
  - {x: 0, y: 0, z: 0, w: 0}
  - {x: 0, y: 0, z: 0, w: 0}
  - {x: 0, y: 0, z: 0, w: 0}
  - {x: 0, y: 0, z: 0, w: 0}
  - {x: 0, y: 0, z: 0, w: 0}
  - {x: 0, y: 0, z: 0, w: 0}
  - {x: 0, y: 0, z: 0, w: 0}
  - {x: 0, y: 0, z: 0, w: 0}
  - {x: 0, y: 0, z: 0, w: 0}
  - {x: 0, y: 0, z: 0, w: 0}
  - {x: 0, y: 0, z: 0, w: 0}
  - {x: 0, y: 0, z: 0, w: 0}
  - {x: 0, y: 0, z: 0, w: 0}
  - {x: 0, y: 0, z: 0, w: 0}
  - {x: 0, y: 0, z: 0, w: 0}
  - {x: 0, y: 0, z: 0, w: 0}
  - {x: 0, y: 0, z: 0, w: 0}
  - {x: 0, y: 0, z: 0, w: 0}
  - {x: 0, y: 0, z: 0, w: 0}
  - {x: 0, y: 0, z: 0, w: 0}
  - {x: 0, y: 0, z: 0, w: 0}
  - {x: 0, y: 0, z: 0, w: 0}
  - {x: 0, y: 0, z: 0, w: 0}
  - {x: 0, y: 0, z: 0, w: 0}
  - {x: 0, y: 0, z: 0, w: 0}
  - {x: 0, y: 0, z: 0, w: 0}
  - {x: 0, y: 0, z: 0, w: 0}
  - {x: 0, y: 0, z: 0, w: 0}
  - {x: 0, y: 0, z: 0, w: 0}
  - {x: 0, y: 0, z: 0, w: 0}
  - {x: 0, y: 0, z: 0, w: 0}
  - {x: 0, y: 0, z: 0, w: 0}
  - {x: 0, y: 0, z: 0, w: 0}
  - {x: 0, y: 0, z: 0, w: 0}
  - {x: 0, y: 0, z: 0, w: 0}
  - {x: 0, y: 0, z: 0, w: 0}
  - {x: 0, y: 0, z: 0, w: 0}
  - {x: 0, y: 0, z: 0, w: 0}
  - {x: 0, y: 0, z: 0, w: 0}
  - {x: 0, y: 0, z: 0, w: 0}
  - {x: 0, y: 0, z: 0, w: 0}
  - {x: 0, y: 0, z: 0, w: 0}
  - {x: 0, y: 0, z: 0, w: 0}
  - {x: 0, y: 0, z: 0, w: 0}
  - {x: 0, y: 0, z: 0, w: 0}
  - {x: 0, y: 0, z: 0, w: 0}
  - {x: 0, y: 0, z: 0, w: 0}
  - {x: 0, y: 0, z: 0, w: 0}
  - {x: 0, y: 0, z: 0, w: 0}
  - {x: 0, y: 0, z: 0, w: 0}
  - {x: 0, y: 0, z: 0, w: 0}
  - {x: 0, y: 0, z: 0, w: 0}
  - {x: 0, y: 0, z: 0, w: 0}
  - {x: 0, y: 0, z: 0, w: 0}
  - {x: 0, y: 0, z: 0, w: 0}
  - {x: 0, y: 0, z: 0, w: 0}
  - {x: 0, y: 0, z: 0, w: 0}
  - {x: 0, y: 0, z: 0, w: 0}
  - {x: 0, y: 0, z: 0, w: 0}
  - {x: 0, y: 0, z: 0, w: 0}
  - {x: 0, y: 0, z: 0, w: 0}
  - {x: 0, y: 0, z: 0, w: 0}
  - {x: 0, y: 0, z: 0, w: 0}
  - {x: 0, y: 0, z: 0, w: 0}
  - {x: 0, y: 0, z: 0, w: 0}
  - {x: 0, y: 0, z: 0, w: 0}
  - {x: 0, y: 0, z: 0, w: 0}
  - {x: 0, y: 0, z: 0, w: 0}
  - {x: 0, y: 0, z: 0, w: 0}
  - {x: 0, y: 0, z: 0, w: 0}
  - {x: 0, y: 0, z: 0, w: 0}
  - {x: 0, y: 0, z: 0, w: 0}
  - {x: 0, y: 0, z: 0, w: 0}
  - {x: 0, y: 0, z: 0, w: 0}
  - {x: 0, y: 0, z: 0, w: 0}
  - {x: 0, y: 0, z: 0, w: 0}
  - {x: 0, y: 0, z: 0, w: 0}
  - {x: 0, y: 0, z: 0, w: 0}
  - {x: 0, y: 0, z: 0, w: 0}
  - {x: 0, y: 0, z: 0, w: 0}
  - {x: 0, y: 0, z: 0, w: 0}
  - {x: 0, y: 0, z: 0, w: 0}
  - {x: 0, y: 0, z: 0, w: 0}
  - {x: 0, y: 0, z: 0, w: 0}
  - {x: 0, y: 0, z: 0, w: 0}
  m_Tangents:
  - {x: 0, y: 0, z: 1, w: -1}
  - {x: 0, y: 0, z: 1, w: -1}
  - {x: 0, y: 0, z: 1, w: -1}
  - {x: 0, y: 0, z: 1, w: -1}
  - {x: 0, y: 0, z: 1, w: -1}
  - {x: 0, y: 0, z: 1, w: -1}
  - {x: 0, y: 0, z: 1, w: -1}
  - {x: 0, y: 0, z: 1, w: -1}
  - {x: 0, y: 0.9916805, z: 0.12872373, w: -1}
  - {x: 0, y: 0.9916805, z: 0.12872373, w: -1}
  - {x: 0, y: 0.9916805, z: 0.12872373, w: -1}
  - {x: 0, y: 0.7917225, z: -0.610881, w: 1}
  - {x: 0, y: 0.7917225, z: -0.610881, w: 1}
  - {x: 0, y: 0.7917225, z: -0.610881, w: 1}
  - {x: 0, y: 0, z: 1, w: -1}
  - {x: -0.0000000645928, y: -0.000000014879964, z: 1, w: -1}
  - {x: -0.0000000645928, y: -0.000000014879964, z: 1, w: -1}
  - {x: -0.00000012918564, y: -0.00000002975997, z: 1, w: -1}
  - {x: -0.00000015894572, y: 0.000000094695714, z: 1, w: -1}
  - {x: -0.00000015894572, y: 0.00000012562464, z: 1, w: -1}
  - {x: -0.00000015894572, y: 0.00000012562464, z: 1, w: -1}
  - {x: -0.00000015894572, y: 0.00000015655357, z: 1, w: -1}
  - {x: -0.00000012918576, y: 0.000000029759947, z: 1, w: -1}
  - {x: -0.0000000645929, y: 0.000000014879996, z: 1, w: -1}
  - {x: -0.0000000645929, y: 0.000000014879996, z: 1, w: -1}
  - {x: 0, y: 0, z: 1, w: -1}
  - {x: -0.00000015894571, y: -9.487375e-15, z: 1, w: -1}
  - {x: -0.00000001995283, y: 0.00000005951999, z: 1, w: -1}
  - {x: -0.00000001995283, y: 0.00000005951999, z: 1, w: -1}
  - {x: 0.000000119040244, y: 0.00000011903979, z: 1, w: -1}
  - {x: -0.00000017856046, y: 0.00000017856046, z: 1, w: -1}
  - {x: -0.00000016875313, y: 0.00000008928017, z: 1, w: -1}
  - {x: -0.00000016875313, y: 0.00000008928017, z: 1, w: -1}
  - {x: -0.00000015894571, y: -4.7436962e-15, z: 1, w: -1}
  - {x: -0.00000015894572, y: 0, z: 1, w: -1}
  - {x: -0.00000015894572, y: 0, z: 1, w: -1}
  - {x: -0.00000015894572, y: 0, z: 1, w: -1}
  - {x: -0.00000015894572, y: 0, z: 1, w: -1}
  - {x: 0, y: 0, z: 1, w: -1}
  - {x: -0.000000060650926, y: -0.000000037643723, z: 1, w: -1}
  - {x: -0.000000060650926, y: -0.000000037643723, z: 1, w: -1}
  - {x: -0.00000012130185, y: -0.00000007528744, z: 1, w: -1}
  - {x: -0.00000015894572, y: 0.00000021043505, z: 1, w: -1}
  - {x: -0.00000015894572, y: 0.00000017886975, z: 1, w: -1}
  - {x: -0.00000015894572, y: 0.00000017886975, z: 1, w: -1}
  - {x: -0.00000015894572, y: 0.00000014730446, z: 1, w: -1}
  - {x: -0.70710176, y: 0, z: 0.7071119, w: -1}
  - {x: -0.7071013, y: -4.0194034e-14, z: 0.7071122, w: -1}
  - {x: -0.7071013, y: -4.0194034e-14, z: 0.7071122, w: -1}
  - {x: -0.7071011, y: -4.0194044e-14, z: 0.70711255, w: -1}
  - {x: -0.7071044, y: 0.000000044841656, z: 0.7071092, w: -1}
  - {x: -0.7071036, y: 0.0000008535494, z: 0.70711005, w: -1}
  - {x: -0.7071036, y: 0.0000008535494, z: 0.70711005, w: -1}
  - {x: -0.7071029, y: 0.0000016622568, z: 0.7071107, w: -1}
  - {x: -0.70710444, y: 0, z: 0.70710915, w: -1}
  - {x: -0.7071042, y: 0, z: 0.7071093, w: -1}
  - {x: -0.7071042, y: 0, z: 0.7071093, w: -1}
  - {x: -0.707104, y: -4.0194224e-14, z: 0.7071095, w: -1}
  - {x: -0.707097, y: 0, z: 0.70711654, w: -1}
  - {x: -0.7070919, y: 0, z: 0.7071216, w: -1}
  - {x: -0.7070919, y: 0, z: 0.7071216, w: -1}
  - {x: -0.70708686, y: 0, z: 0.7071267, w: -1}
  - {x: -0.70710224, y: -0.00000002892554, z: 0.7071115, w: -1}
  - {x: -0.7071, y: 0.0000010590152, z: 0.70711356, w: -1}
  - {x: -0.7071, y: 0.0000010590152, z: 0.70711356, w: -1}
  - {x: -0.7070977, y: 0.0000021866913, z: 0.7071158, w: -1}
  - {x: -0.70710075, y: 0.00000004484047, z: 0.7071128, w: -1}
  - {x: -0.7071017, y: 0.0000008535435, z: 0.70711184, w: -1}
  - {x: -0.7071017, y: 0.0000008535435, z: 0.70711184, w: -1}
  - {x: -0.70710266, y: 0.0000016966594, z: 0.70711094, w: -1}
  - {x: -0.7071038, y: 0, z: 0.7071098, w: -1}
  - {x: -0.70710295, y: -6.699087e-14, z: 0.70711076, w: -1}
  - {x: -0.70710295, y: -6.699087e-14, z: 0.70711076, w: -1}
  - {x: -0.7071021, y: 0, z: 0.70711154, w: -1}
  - {x: -0.89442015, y: -0.00000006215845, z: 0.44722784, w: -1}
  - {x: -0.8138007, y: 0.070701696, z: 0.57682717, w: -1}
  - {x: -0.8138007, y: 0.070701696, z: 0.57682717, w: -1}
  - {x: -0.7001187, y: 0.14003745, z: 0.7001595, w: -1}
  - {x: -0.70708793, y: -0.0000008537051, z: 0.70712554, w: -1}
  - {x: -0.7954906, y: 0.10817296, z: 0.5962326, w: -1}
  - {x: -0.7954906, y: 0.10817296, z: 0.5962326, w: -1}
  - {x: -0.8728625, y: 0.21822903, z: 0.43644816, w: -1}
  - {x: -0.89442027, y: 0, z: 0.44722742, w: -1}
  - {x: -0.89442015, y: 0, z: 0.44722778, w: -1}
  - {x: -0.89442015, y: 0, z: 0.44722778, w: -1}
  - {x: -0.89441997, y: 0, z: 0.4472281, w: -1}
  m_Colors:
  - {r: 1, g: 1, b: 1, a: 1}
  - {r: 1, g: 1, b: 1, a: 1}
  - {r: 1, g: 1, b: 1, a: 1}
  - {r: 1, g: 1, b: 1, a: 1}
  - {r: 1, g: 1, b: 1, a: 1}
  - {r: 1, g: 1, b: 1, a: 1}
  - {r: 1, g: 1, b: 1, a: 1}
  - {r: 1, g: 1, b: 1, a: 1}
  - {r: 1, g: 1, b: 1, a: 1}
  - {r: 1, g: 1, b: 1, a: 1}
  - {r: 1, g: 1, b: 1, a: 1}
  - {r: 1, g: 1, b: 1, a: 1}
  - {r: 1, g: 1, b: 1, a: 1}
  - {r: 1, g: 1, b: 1, a: 1}
  - {r: 1, g: 1, b: 1, a: 1}
  - {r: 1, g: 1, b: 1, a: 1}
  - {r: 1, g: 1, b: 1, a: 1}
  - {r: 1, g: 1, b: 1, a: 1}
  - {r: 1, g: 1, b: 1, a: 1}
  - {r: 1, g: 1, b: 1, a: 1}
  - {r: 1, g: 1, b: 1, a: 1}
  - {r: 1, g: 1, b: 1, a: 1}
  - {r: 1, g: 1, b: 1, a: 1}
  - {r: 1, g: 1, b: 1, a: 1}
  - {r: 1, g: 1, b: 1, a: 1}
  - {r: 1, g: 1, b: 1, a: 1}
  - {r: 1, g: 1, b: 1, a: 1}
  - {r: 1, g: 1, b: 1, a: 1}
  - {r: 1, g: 1, b: 1, a: 1}
  - {r: 1, g: 1, b: 1, a: 1}
  - {r: 1, g: 1, b: 1, a: 1}
  - {r: 1, g: 1, b: 1, a: 1}
  - {r: 1, g: 1, b: 1, a: 1}
  - {r: 1, g: 1, b: 1, a: 1}
  - {r: 1, g: 1, b: 1, a: 1}
  - {r: 1, g: 1, b: 1, a: 1}
  - {r: 1, g: 1, b: 1, a: 1}
  - {r: 1, g: 1, b: 1, a: 1}
  - {r: 1, g: 1, b: 1, a: 1}
  - {r: 1, g: 1, b: 1, a: 1}
  - {r: 1, g: 1, b: 1, a: 1}
  - {r: 1, g: 1, b: 1, a: 1}
  - {r: 1, g: 1, b: 1, a: 1}
  - {r: 1, g: 1, b: 1, a: 1}
  - {r: 1, g: 1, b: 1, a: 1}
  - {r: 1, g: 1, b: 1, a: 1}
  - {r: 1, g: 1, b: 1, a: 1}
  - {r: 1, g: 1, b: 1, a: 1}
  - {r: 1, g: 1, b: 1, a: 1}
  - {r: 1, g: 1, b: 1, a: 1}
  - {r: 1, g: 1, b: 1, a: 1}
  - {r: 1, g: 1, b: 1, a: 1}
  - {r: 1, g: 1, b: 1, a: 1}
  - {r: 1, g: 1, b: 1, a: 1}
  - {r: 1, g: 1, b: 1, a: 1}
  - {r: 1, g: 1, b: 1, a: 1}
  - {r: 1, g: 1, b: 1, a: 1}
  - {r: 1, g: 1, b: 1, a: 1}
  - {r: 1, g: 1, b: 1, a: 1}
  - {r: 1, g: 1, b: 1, a: 1}
  - {r: 1, g: 1, b: 1, a: 1}
  - {r: 1, g: 1, b: 1, a: 1}
  - {r: 1, g: 1, b: 1, a: 1}
  - {r: 1, g: 1, b: 1, a: 1}
  - {r: 1, g: 1, b: 1, a: 1}
  - {r: 1, g: 1, b: 1, a: 1}
  - {r: 1, g: 1, b: 1, a: 1}
  - {r: 1, g: 1, b: 1, a: 1}
  - {r: 1, g: 1, b: 1, a: 1}
  - {r: 1, g: 1, b: 1, a: 1}
  - {r: 1, g: 1, b: 1, a: 1}
  - {r: 1, g: 1, b: 1, a: 1}
  - {r: 1, g: 1, b: 1, a: 1}
  - {r: 1, g: 1, b: 1, a: 1}
  - {r: 1, g: 1, b: 1, a: 1}
  - {r: 1, g: 1, b: 1, a: 1}
  - {r: 1, g: 1, b: 1, a: 1}
  - {r: 1, g: 1, b: 1, a: 1}
  - {r: 1, g: 1, b: 1, a: 1}
  - {r: 1, g: 1, b: 1, a: 1}
  - {r: 1, g: 1, b: 1, a: 1}
  - {r: 1, g: 1, b: 1, a: 1}
  - {r: 1, g: 1, b: 1, a: 1}
  - {r: 1, g: 1, b: 1, a: 1}
  - {r: 1, g: 1, b: 1, a: 1}
  - {r: 1, g: 1, b: 1, a: 1}
  m_UnwrapParameters:
    m_HardAngle: 88
    m_PackMargin: 20
    m_AngleError: 8
    m_AreaError: 15
  m_PreserveMeshAssetOnDestroy: 0
  assetGuid: 
  m_IsSelectable: 1
  m_SelectedFaces: 
  m_SelectedEdges: []
  m_SelectedVertices: 
